2580 4530
531 242 590 301 Lib.
609 245 658 303 IV.
1025 247 1085 311 591

59 440 142 527 qnod
169 441 317 525 probatur
347 441 409 523 (Τι’
431 433 494 508 οὗν
517 444 568 509 δεῖ
591 490 599 507 .
625 493 631 508 .
656 491 664 508 .
688 437 848 518 διδάξαι.
872 492 879 507 .
904 492 913 511 .
936 437 1010 510 ἀλλ’
1032 437 1126 530 oriali.

60 546 197 613 Omnino
227 546 266 611 ad
287 547 500 614 Mithridatem
530 549 610 633 quod
636 549 805 632 pertineat,
835 548 1130 615 nihil·desideretur

60 655 125 719 toto
164 653 218 718 illo
252 646 326 719 αλλ’
357 647 547 730 α’όοξοὺντσι
580 641 700 721 sublato
737 654 804 734 (καὶ
833 649 884 738 μή
911 647 1128 740 βουλόμενον

61 753 285 827 συνελαύνειν
300 785 329 825 a.
341 786 370 825 ν.
385 762 437 842 λ).
475 763 584 845 ltaque
599 779 661 825 una
674 762 795 825 mutata
808 759 923 838 littera,
946 780 1008 827 une
1028 763 1131 847 gerni·

59 871 146 946 nata,
176 865 642 951 transferendumpartioipium
664 866 703 931 ad
724 866 878 932 Romanos
902 870 950 932 est
972 868 1030 933 sio:
1064 861 1126 936 οὖν

61 974 114 1039 δεῖ
137 1023 145 1037 .
172 1022 179 1039 .
204 1021 210 1035 .
234 967 328 1058 ἡμᾶς
351 1017 358 1034 ·
382 1019 420 1036 .·
451 969 502 1060 ,ιιή
535 966 765 1060 βουλόμενον,
784 963 1128 1057 α’λλοδοξοῦντας

60 1071 284 1148 συνελαύνειν
306 1083 355 1153 εἰς
376 1074 438 1153 τοῖς
464 1074 636 1168 Τιγρόνου
663 1090 791 1166 χεῖρας,
815 1099 915 1161 pravo
938 1081 1036 1143 animi
1056 1103 1133 1146 oon--

58 1186 139 1262 σοι,
169 1187 283 1250 aaron
314 1176 495 1256 ιοιισισιιι,
539 1188 640 1252 Verbo
668 1185 827 1250 Ρπισσπσ
850 1184 1032 1253 sinuosus
1052 1174 1130 1254 usus

59 1296 118 1369 est,
145 1294 182 1357 ut
203 1286 401 1369 α’λλσιλοξιάς
422 1294 546 1359 nornine
567 1293 626 1358 Dio
647 1290 782 1358 Cassius.
893 1296 900 1325 ²
929 1294 931 1299 ’
1064 1304 1068 1309 ’

161 1400 229 1468 Ibd.
252 1401 292 1463 20
318 1419 379 1466 non
406 1399 620 1482 dubiumst,
652 1397 787 1483 quintu
814 1396 872 1462 huo
898 1400 1129 1467 enumeratione

59 1525 187 1587 eorum,
220 1525 287 1591 quae
308 1506 438 1571 debitori
458 1506 597 1571 Asiatioo
624 1504 780 1571 subeunda
801 1504 931 1582 borist,
960 1508 1125 1588 antequam

58 1611 151 1678 finita
182 1613 237 1679 lite
269 1613 413 1679 creditori
433 1612 573 1677 Romano
607 1609 810 1676 addicereturi
849 1612 1037 1696 σχοινισμοὶ
1071 1612 1124 1678 καλ

59 1717 230 1804 κιγκλίδες
260 1720 315 1785 καὶ
346 1725 447 1783 ἵπποι
478 1718 532 1782 καὶ
563 1706 696 1795 οτόσεις
731 1711 916 1803 ὕπαιθροι,
951 1720 1125 1803 corruptum

58 1824 102 1891 sit
130 1833 243 1908 ἵπποι.
293 1825 437 1889 Fortasse
462 1822 659 1888 scribendum
687 1823 818 1899 ἰπνοί,
855 1823 891 1887 ut
916 1823 1127 1907 signifioentur

57 1932 126 1997 Iooa
148 1930 362 2023 conpleviaque
383 1930 461 1995 astu
482 1928 696 1994 intolerabilia.

161 2036 227 2103 Ibd.
254 2037 309 2101 21:
343 2031 394 2120 μή
423 2020 548 2102 λαθεῖν
578 2028 659 2106 τούς
694 2030 868 2120 παρόντας
895 2028 1129 2122 ἠλλοιωμένον

58 2144 103 2232 τῇ
126 2143 385 2228 παρρησίατοὺ
406 2143 597 2208 νεανίσκου.
645 2130 728 2205 Puto
747 2141 857 2206 fuisse:
879 2134 1123 2229 η’νιοιγιὲνον.

160 2248 228 2313 lod.
251 2249 292 2311 34
314 2248 364 2328 (de
386 2249 517 2327 clodio:
540 2238 662 2333 λόγους
682 2241 847 2333 χρηστούς
868 2251 917 2322 εἰς
939 2240 1000 2316 οὐκ
1023 2245 1123 2316 όκον-

56 2378 121 2427 τας
148 2345 222 2419 οὐδ’
252 2347 379 2441 α’ήθεις
411 2356 473 2421 του
506 2355 786 2441 δημαγωγεῖσθαι
820 2350 1001 2429 διαδιδούς.
1053 2357 1127 2422 Ηοο

55 2460 179 2524 rectum
202 2463 299 2540 esset,
333 2463 360 2526 si
390 2454 483 2548 λόγοι
516 2452 653 2548 χρηστοί
685 2458 792 2523 blondi
823 2463 941 2540 essent3
978 2461 1121 2545 quoniam

56 2565 124 2631 veri
147 2567 180 2631 et
200 2566 322 2633 honesti
344 2570 427 2646 sunt,
449 2568 729 2633 seribendum'est:
766 2561 814 2634 ον’
833 2562 1012 2655 χρηστσός,
1033 2568 1121 2633 utin

54 2671 153 2736 simili
163 2690 196 2736 ro
209 2675 240 2737 et
251 2673 473 2758 significatione
488 2674 632 2740 soribitur
646 2672 721 2739 (λινε.
729 2693 755 2738 o.
765 2673 825 2738 29:
848 2679 898 2748 εἰς
920 2669 958 2737 τό
982 2672 1122 2756 πλῆθος

56 2779 121 2845 ουίι
146 2782 306 2852 ἐπιεικεῖς
332 2773 409 2847 οὐδὲ
442 2776 607 2866 χρηστούς
637 2782 861 2864 κατέσπειραν
893 2771 1014 2865 λόγους
1035 2773 1124 2868 ὑπὲρ

56 2883 121 2949 τοῦ
143 2883 327 2970 Καίσαρος.
367 2887 422 2952 Ου
440 2886 551 2951 excidit
570 2887 640 2969 post
661 2911 730 2963 ους,
753 2887 789 2950 ut
811 2886 948 2969 Pelopid.
969 2905 995 2950 e.
1015 2888 1048 2948 ,4.

160 2989 301 3079 Compar.
325 2991 399 3058 din.
422 2993 455 3057 et
476 2992 551 3058 huo.
574 3011 599 3056 e.
622 2993 656 3054 λι
685 2993 745 3077 τῆς
767 2986 848 3079 παρ’
871 2987 978 3059 αὐτόν
1000 2992 1124 3065 αἰτίας.Δ

56 3095 185 3161 Codices
208 3091 288 3180 παρ’
309 3090 431 3165 αὐτῶν.
476 3096 587 3162 Scrib.:
609 3091 691 3183 παρ’
712 3092 839 3187 αὐτῷ,
863 3099 968 3184 culpa,
1000 3120 1068 3184 quae
1088 3100 1120 3160 ιἰι

55 3202 123 3286 apso
140 3201 246 3286 fuerit.

157 3306 291 3374 Niciaeo.
308 3312 342 3372 l:
366 3306 478 3393 οἵσπερ
501 3304 586 3376 ὅταν
611 3311 691 3399 λέγῃ
713 3311 889 3396 (Τίμαιος)
912 3323 984 3384 τοῖς
1004 3303 1118 3394 Ἀθη-

57 3414 169 3485 ναιόις
191 3408 315 3480 οἰωνόν
341 3410 539 3501 ἡγήσασθαι
567 3421 742 3504 γεγονέναι
764 3411 825 3483 τόν
847 3410 917 3482 οἷπό
939 3418 1001 3502 τῆς
1022 3415 1118 3501 νίκης

56 3527 178 3604 ἔχοντα
199 3517 352 3607 τοῦνομα
373 3519 565 3608 στρατηγόν
589 3515 797 3590 ἀντειπόντα
820 3517 908 3606 πρός
929 3518 992 3608 τήν
1015 3549 1117 3608 στρα-

54 3626 190 3713 τηγίαν.
226 3626 260 3692 si
280 3630 519 3696 Atheniensium
540 3629 731 3713 significatur
751 3630 906 3708 iudicium,
929 3629 988 3694 dioi
1011 3629 1117 3696 debuit

54 3728 139 3806 νοός
175 3727 390 3818 Ἀθηναίους
423 3755 479 3801 neo
510 3739 699 3822 γεγονέναι,
732 3737 786 3802 sed
817 3735 914 3814 εἶναι,
951 3736 977 3801 si
999 3736 1117 3814 timaei,

54 3840 207 3924 seriptum
239 3842 373 3921 oportuit
403 3836 575 3926 ἡγεῖσθαι.
625 3838 806 3920 =omittitur,
845 3842 926 3925 quod
957 3844 1049 3924 eaput
1071 3843 1117 3907 rei

53 3950 119 4025 est,
156 3946 230 4031 quid
260 3948 449 4029 portenderit
479 3947 576 4015 Nioiae
606 3946 722 4014 bellurn
755 3947 959 4014 dissuadentis
992 3965 1117 4014 nomen.
