2580 4530
152 247 211 311 178
586 243 646 299 Lib.
665 246 686 301 1.

111 444 233 511 vecibus
255 461 342 525 spem
364 438 615 527 significantibus,
639 442 744 521 ἐλπίς,
768 440 916 521 ἐλπίζειν
926 438 1168 522 eoniuueiisque.

110 550 192 615 Num
215 549 260 627 ut,
283 547 364 631 qued
385 547 417 612 in
439 549 505 630 spei
530 549 654 614 notione
681 549 726 615 sie
754 548 874 613 inelusa
899 547 947 613 eei
969 544 1066 610 futuri
1086 543 1170 628 eogi-

109 655 196 733 telio,
217 654 253 718 ut
274 652 340 718 eius
361 653 509 734 temporis
532 654 787 739 significationem
800 671 905 738 pense·
916 648 1045 735 exprimi
1066 649 1170 714 minus

109 778 235 828 necesse
268 759 323 838 sil,
357 760 388 822 et
420 758 500 840 quod
526 761 613 825 nulle
642 760 674 824 in
699 760 748 826 his
774 760 899 826 vocibus
927 776 963 821 ex
983 755 1092 821 aurisii
1112 775 1172 821 usu

110 864 295 950 ambiguitas
316 863 429 942 oritur,
457 865 601 947 quonium
625 866 663 931 de
687 865 842 949 preterito
872 882 941 948 spes
969 881 1030 927 non
1057 854 1173 927 dieitur

111 971 171 1037 nisi
190 970 236 1036 rei
257 971 414 1046 absolutae,
436 972 471 1033 ut
485 971 631 1053 perfeeto,
652 991 714 1038 uon
735 971 848 1038 aorisle
864 971 950 1036 loeus
970 969 1011 1037 sie
1034 968 1171 1048 (ἐλπίζω

113 1069 314 1162 πεπράχθαι
342 1079 387 1156 τι)
395 1075 435 1156 ¹),
471 1076 538 1140 fieri
565 1077 700 1159 potuisse
733 1079 873 1162 apparet,
908 1075 1068 1152 utactio,
1104 1094 1172 1158 quee

114 1176 296 1267 speretium,
318 1181 440 1246 iunium
458 1181 572 1246 aerislo
586 1181 730 1247 infinitivi
750 1183 898 1265 tanquam
920 1179 1002 1245 finili
1023 1180 1172 1264 temporis

113 1288 354 1369 (momentanee)
377 1287 613 1371 significaretur,
641 1287 811 1370 praesertim
834 1304 904 1351 eum
921 1305 990 1368 spes
1007 1287 1039 1350 el
1059 1287 1173 1352 fiducie

115 1396 152 1460 de
172 1393 331 1477 praesentis
352 1392 498 1475 temperis
520 1394 604 1457 siaiu
618 1410 749 1475 ¹semper
771 1390 914 1474 presenti
934 1391 1090 1472 infinitivi,
1113 1411 1173 1457 uon

114 1500 226 1566 aeriste
253 1497 489 1582 significeturu,
520 1499 552 1562 el
579 1500 614 1563 ut
636 1499 693 1563 hoe
719 1499 801 1580 apud
825 1499 947 1566 Graecos
974 1498 1172 1562 1111111111Ιί-

115 1606 233 1690 quande
251 1623 333 1682 esse,
355 1604 446 1677 cerlis
469 1603 615 1686 exemplis
637 1605 766 1683 constat,
789 1603 835 1668 ile
856 1622 1012 1687 quousque
1033 1604 1172 1688 111111-

95 1695 182 1786 ¹en‘l,
203 1728 262 1775 nen
282 1709 371 1775 feeile
386 1712 434 1776 esl
448 1710 586 1777 definilu.
629 1709 689 1774 Sed
709 1711 813 1774 tamen
835 1710 1011 1775 testimonie
1032 1729 1172 1793 perseru-

114 1817 252 1883 ieutibus
279 1834 339 1881 non
366 1815 492 1881 dubium
522 1816 594 1891 erit,
627 1815 699 1898 quin
725 1816 770 1881 sie
797 1816 926 1881 eurialus
953 1815 1172 1898 101111111-

42 1979 44 1983 .
114 1925 243 2008 queuler
275 1925 342 2002 (nee
372 1921 478 1986 lemen
508 1922 544 1985 ui
572 1921 748 1986 excludatur
780 1921 929 2001 futurum)
961 1919 1044 2003 apud
1078 1920 1172 1991 ἐλπίς

115 2023 273 2114 (ἐλπωρή)
308 2033 398 2092 ἐστιν
432 2031 515 2108 (eum
544 2027 692 2110 simplicis
720 2027 878 2104 infinitivi,
910 2029 978 2092 lum
1005 2026 1174 2091 accusativi

116 2155 186 2201 eum
208 2134 370 2211 infinitivo)
399 2135 431 2198 el
452 2132 532 2216 apud
555 2139 591 2198 ἐν
616 2134 725 2199 ἐλπίδι
749 2134 884 2219 εἰμί’),
899 2132 979 2216 apud
1003 2131 1173 2196 Homerum

146 2401 168 2470 1)
186 2403 296 2457 Perrero
316 2403 446 2473 ἔλπομαι,
473 2383 582 2469 eredo,
608 2405 736 2463 eoristum
755 2406 833 2460 dere
857 2407 994 2476 preterita
1017 2405 1174 2460 adiunctum

183 2494 264 2549 hebet
284 2496 373 2559 (Hom.
392 2495 471 2551 Illud.
491 2495 552 2560 Vll,
572 2499 631 2562 199,
650 2496 740 2566 Apoll.
753 2499 804 2554 Rh.
818 2500 854 2563 11,
875 2502 934 2562 611,
954 2499 1005 2564 ΙΙΙ,
1025 2492 1097 2566 370).
1133 2498 1174 2551 De

186 2585 285 2653 ἐλπίζω
304 2587 488 2659 dicem'peulo
506 2590 576 2658 posi

140 2677 163 2748 ⁹)
183 2679 261 2735 Iliad.
271 2679 348 2746 XIII,
362 2683 422 2746 310,
442 2679 540 2734 Herod.
556 2680 604 2746 IX,
615 2683 674 2744 113,
694 2681 766 2737 Plet.
778 2680 848 2750 epol.
864 2679 936 2735 Soet.
949 2697 976 2750 p.
985 2685 1021 2739 40
1033 2681 1063 2747 0,
1082 2680 1174 2750 Eurip.

185 2770 228 2824 Or.
248 2775 325 2830 1070.
438 2794 442 2799 ’
512 2774 517 2787 '

144 2862 168 2932 8)
185 2865 285 2928 Ἐλπίς
305 2865 360 2920 ἐστι
380 2856 438 2936 (ἦν)
452 2881 511 2919 eum
523 2865 621 2920 norisio
634 2866 765 2920 infinitivi
779 2865 908 2936 simplicis
920 2866 1079 2920 annotatum
1091 2863 1176 2918 habeo

187 2973 218 3011 ex
235 2957 375 3028 Euripidis
394 2956 439 3013 Or.
458 2959 509 3013 779
535 2960 703 3029 (σωθῆναι),
731 2960 791 3014 Hel.
810 2963 862 3016 433
885 2960 1015 3030 (λαβεῖν),
1046 2957 1104 3012 Ale.
1125 2960 1176 3013 146

187 3032 356 3116 (σώσασθαι,
375 3067 490 3121 praesens
503 3050 640 3118 σώζεσθαι
653 3070 705 3108 neu
724 3054 835 3123 ponitur
852 3053 905 3106 nisi
923 3052 955 3105 de
973 3068 1019 3121 spe
1036 3051 1176 3121 presentis

187 3144 295 3208 status),
315 3143 433 3214 Thucyd.
452 3145 489 3206 H,
507 3148 543 3200 80
562 3146 687 3217 (λαβεῖν),
706 3146 758 3209 ΙΠ,
778 3150 794 3203 3
813 3146 988 3212 (ἐπιπεσεῖν),
1007 3145 1079 3199 Plau.
1098 3144 1175 3197 Phe-

188 3234 360 3304 don.p.68A
379 3238 503 3306 (τυχεῖν),
522 3237 675 3292 Xeuenab.
695 3239 732 3303 H,
752 3240 775 3300 1,
796 3240 838 3301 19,
857 3238 919 3309 Lys.
929 3237 1002 3300 XIX,
1017 3239 1042 3299 8,
1061 3238 1175 3308 Lycurg.

188 3331 230 3394 60,
249 3327 374 3382 adiuncto
393 3329 541 3383 accusativo
561 3329 679 3384 subiecto
698 3347 728 3384 ex
746 3330 867 3402 AEsehyli
886 3329 960 3400 Sept.
981 3331 1032 3386 367
1052 3331 1177 3399 (μολεῖν),

188 3419 307 3492 Thucyd.
330 3422 369 3487 V,
392 3424 408 3478 9
437 3423 643 3494 (φοβηθῆναι),
682 3423 753 3477 Plau.
772 3421 876 3476 Phaedr.
900 3438 927 3490 p.
940 3420 1027 3478 231ss
1054 3424 1176 3492 (τυχεῖν),

187 3514 307 3585 Xenoph.
326 3513 421 3586 Cyrop.
442 3514 479 3577 H,
497 3517 523 3576 4,
542 3517 576 3570 23
595 3515 755 3586 (ὀφθῆναι),
783 3515 829 3577 IV,
849 3517 873 3580 5,
892 3507 939 3578 25',
959 3515 1066 3572 Hellen.
1085 3516 1132 3580 VI,
1151 3518 1176 3579 3,

191 3608 227 3662 20
245 3609 273 3660 et
291 3607 338 3671 VI,
358 3610 382 3672 5,
401 3609 436 3664 35
455 3609 689 3677 (δεκατευθῆναι),
707 3608 787 3663 Isocr.
805 3609 934 3679 Panegyr-
955 3612 1016 3666 141.
1051 3609 1112 3664 Non
1131 3609 1176 3664 de·

189 3699 279 3754 scendi
296 3699 367 3755 infre
378 3699 482 3755 Atticos
525 3701 634 3754 Formas
650 3699 953 3756 infinitivomm'noteri
971 3701 1060 3777 velim.
1098 3702 1178 3772 Apud

189 3791 335 3848 Homerum
354 3793 462 3864 ἐλπωρή
481 3794 517 3848 sie
534 3793 644 3863 ponitur
658 3789 707 3849 Od.
726 3794 763 3856 H,
778 3795 831 3850 280
852 3795 1039 3865 (τελευτῆσαι),
1059 3796 1106 3864 VI,
1126 3798 1178 3853 314

136 3881 143 3919 ³
189 3885 217 3937 ee
234 3884 295 3950 vu,
316 3872 351 3942 le
368 3889 465 3952 (uem
483 3886 528 3939 nu
547 3883 677 3953 uelem).
707 3884 773 3941 cum
792 3885 883 3940 futuro
894 3887 995 3956 legitur
1010 3889 1086 3952 ἕνα,
1104 3887 1178 3944 unu

190 3975 310 4047 (ἐλπωρή
334 3977 428 4050 Odyse.
450 3979 552 4041 XXIII,
577 3980 628 4034 287
654 3978 778 4045 ἔσεσθαι)
804 3977 876 4048 apud
899 3979 1057 4052 AEsehylum
1081 3981 1177 4052 Agem.

190 4070 241 4125 679
260 4066 372 4140 (ἥξειν),
391 4072 484 4142 Eurip.
503 4072 560 4126 Ale.
578 4064 641 4134 294,
661 4069 732 4127 Med.
751 4073 809 4137 767,
830 4072 902 4128 Plei.
921 4072 1025 4128 Phaedr.
1046 4089 1071 4144 p.
1083 4074 1176 4130 23211
