2580 4530
165 252 225 314 526
590 250 649 306 Lib.
667 250 717 307 lv.

122 453 211 518 dum:
234 457 498 537 λεαρθεῑσαν.
521 448 629 529 (Paulo
642 450 716 513 ente
738 450 783 514 sio
803 449 1099 534 interpungendum:
1122 447 1187 524 δέξ-

122 567 230 624 ασθαι
252 553 396 641 μεταξεί,
419 558 473 624 καί
496 555 564 620 των
586 552 713 620 πεδίων
735 579 764 619 ιι.
788 581 818 621 τ.
840 556 885 633 λ.)
1175 602 1177 606 1

163 728 166 733 ,
221 663 287 728 Ibd.
313 663 353 727 66
376 666 418 743 (4,
441 664 474 741 7)
495 659 707 728 scribendum:
741 666 775 727 οἱ
799 661 834 729 δὲ
856 661 985 737 λοιποί,
1009 663 1051 725 ολ
1075 651 1187 724 ἐπιόν-

122 793 189 843 τες,
212 766 276 854 ὅση
298 762 344 854 η’ν
366 763 467 854 λκανη
489 759 690 852 ὑπογράψαι
715 761 780 852 την
802 769 865 853 τῆς
886 767 1094 852 οἰκουμένης
1115 765 1186 831 ἐπί-

122 902 233 951 νοιαν,
270 863 364 943 οὗτοί
398 879 485 941 εἰσιν
521 879 553 938 οἱ
586 898 613 938 κ.
635 899 664 938 τ.
688 876 718 938 λ.
769 874 899 959 (Vulgoz
938 877 972 941 oi
1006 871 1042 939 δὲ
1077 872 1186 938 λοιποί

122 978 301 1063 ἐπιόντες.)
638 1024 642 1029 v
975 1023 977 1029 ·

220 1091 287 1156 Ibd.
309 1091 349 1153 66
383 1091 424 1167 (4,
448 1087 498 1166 8):
536 1079 702 1169 όποτίρου
734 1081 776 1168 δή
811 1091 904 1152 ἐστιν
938 1077 962 1170 η
995 1087 1186 1171 Αἴγυπτον,

114 1191 278 1282 δηλονότι
311 1190 333 1280 η
368 1188 457 1261 κοίτω
494 1196 662 1280 λεγομένη
694 1193 755 1279 τῆς
776 1186 961 1279 Αίγύπτου
993 1184 1097 1276 χώρα.
1129 1192 1186 1257 Pro

121 1297 294 1389 δηλονότι,
334 1302 415 1385 quod
446 1301 592 1385 ignavum
627 1301 692 1379 ost,
735 1299 857 1365 eodioes
888 1306 997 1365 omnes
1030 1292 1184 1365 διελόντι.

121 1410 324 1477 Soribondum
353 1409 466 1492 igitur:
505 1400 674 1491 ὁποτέρου
708 1399 750 1490 δή
779 1411 871 1471 ἐστιν
900 1400 921 1489 η
944 1407 1128 1490 Αἴγυπτος
1152 1396 1184 1488 ἢ,

122 1513 331 1590 διελόντι,
359 1509 381 1599 η
404 1505 492 1579 κσίτω
518 1514 685 1600 λεγομένη
706 1513 767 1597 της
789 1515 835 1580 A.
857 1532 896 1597 χ.,
917 1511 950 1575 id
973 1512 1039 1576 est:
1078 1513 1186 1587 antei

120 1619 240 1698 divides
262 1639 319 1684 neo
339 1619 376 1683 de
401 1619 485 1683 omni
505 1618 640 1704 AEgypto
667 1618 760 1685 simul
787 1618 915 1684 statues.
959 1616 1018 1695 (De
1041 1611 1184 1687 διελόντι

119 1727 197 1811 synt.
221 1727 276 1792 Gr.
297 1725 315 1810 ᾗ
339 1726 380 1789 38
403 1731 441 1804 ο.)
1179 1763 1182 1767 ·

219 1832 287 1915 Lio.
307 1832 339 1896 II
359 1853 391 1915 p.
415 1831 455 1893 76
478 1834 519 1908 (1,
545 1831 595 1908 18)
618 1830 723 1897 serib.:
749 1824 793 1904 οἷς
815 1829 1115 1916 ἰσοδυναμοῦν
1136 1831 1184 1918 τῷ

109 1941 356 2024 ζητουμένῳ
380 1930 621 2022 λαμβάνοντος
636 1931 722 2022 πρός
743 1933 781 2002 τό
805 1929 983 2013 α’ποδεῑξαι
1005 1933 1045 2004 τό
1068 1933 1185 2023 ζητού·

117 2067 243 2131 μενσνε
278 2044 438 2110 contendit
459 2043 669 2108 adversenum
689 2043 732 2118 id,
754 2041 837 2126 qnod
859 2043 1022 2126 quaeretur‚
1046 2046 1184 2113 demen-

118 2153 216 2216 strere
238 2153 360 2233 sumpto
382 2151 463 2231 (sine
486 2148 759 2227 demonstratione)
782 2167 833 2226 eo,
862 2148 943 2232 qnod
963 2149 1050 2214 idem
1072 2151 1183 2217 velent

120 2255 358 2322 desuetudo:
383 2251 428 2328 τίς
449 2248 752 2338 ίοοδυναμοόντων
774 2255 842 2320 των
866 2259 1084 2340 ζητουμένων
1097 2258 1184 2342 λαμ

117 2355 300 2446 βαίνοντας,
323 2362 389 2427 sino
410 2381 512 2427 sensu.
563 2361 656 2426 Error
677 2361 768 2443 ooepit
789 2362 828 2427 ab
850 2361 1132 2450 ἰσοδαναμονντια
1153 2365 1184 2428 in

117 2489 211 2534 unam
233 2488 342 2534 vocem
365 2469 497 2533 oonfleto
521 2470 553 2532 ot
574 2463 878 2552 ἰσοδυναμούντων
898 2469 989 2533 teoto.

218 2575 282 2639 Ibd.
309 2575 348 2635 79
371 2575 413 2651 (l,
436 2573 488 2651 23)
510 2592 565 2655 pro
589 2573 844 2661 καταμηντίσιτο
867 2575 971 2640 scrib:
994 2598 1183 2660 καταμη-

117 2675 218 2744 νόοι.
266 2679 372 2751 (Error
394 2696 430 2742 ex
452 2680 593 2760 sequenti
616 2687 657 2759 o.)

216 2784 281 2848 Ibd.
295 2785 390 2861 80(1,
413 2786 465 2863 λδ)
488 2785 696 2853 scribendum:
726 2789 797 2854 Τοῦ
821 2787 855 2853 δὲ
870 2781 956 2872 πρός
971 2795 1012 2852 ἕω
1029 2786 1180 2871 πλευροῦ

116 2885 154 2955 τό
177 2895 240 2975 μὲν
264 2885 317 2956 δισί
342 2892 402 2973 της
429 2893 601 2976 Περσικῆς
623 2897 734 2979 μῆκος
755 2943 762 2960 .
781 2942 815 2957 ..
841 2887 903 2960 οὐκ
928 2896 1071 2958 ε”λαττσν
1094 2892 1182 2958 είναι

115 2996 208 3063 δοκεῖ
236 2998 304 3061 τῶν
335 2991 592 3084 ὀκτακισχιλίων
629 3045 636 3060 .
662 3048 669 3063 .
694 3047 716 3074 .,
749 2995 789 3066 τό
823 3000 858 3066 δὲ
891 2994 1014 3064 λοιπόν
1043 2992 1099 3062 δισί
1122 2999 1183 3083 τῆς

119 3102 381 3189 Παραιτακηνῆς
404 3130 432 3168 κ.
457 3130 487 3169 τ.
510 3107 553 3184 λ.,
580 3107 700 3173 sublato
725 3100 820 3183 κατοί,
848 3107 929 3191 quod
949 3106 1030 3170 inter
1053 3106 1182 3192 Περσι-

115 3213 176 3295 κῆς
197 3213 229 3276 et
249 3212 361 3295 μῆκος
382 3211 469 3275 addit
508 3260 515 3276 .
1079 3202 1083 3212 ¹

213 3317 280 3382 Ibd.
306 3319 346 3393 (l,
371 3318 410 3379 26
434 3321 465 3383 et
479 3319 551 3396 ¹27).
604 3319 674 3384 Non
696 3318 844 3384 transitur
865 3318 905 3384 ad
927 3335 982 3395 ee,
1012 3336 1080 3399 quae
1102 3317 1180 3382 Ere·

112 3424 272 3488 testhenes
295 3426 372 3508 περὶ
398 3426 459 3507 τῆς
481 3424 596 3507 τρίτης
618 3425 803 3510 σφραγῖδος
824 3424 950 3500 dixerat,
973 3423 1027 3488 sed
1049 3441 1087 3487 ea
1109 3423 1181 3516 find·

112 3529 221 3604 untur,
252 3532 286 3594 ut
308 3530 451 3613 deinceps
479 3530 516 3594 de
537 3529 576 3595 iis
597 3529 761 3595 iudicetur.
822 3529 934 3596 Serio:
976 3523 1023 3612 ‘O
1048 3532 1115 3611 μὲν
1138 3528 1179 3615 δη

111 3627 366 3720 Ἐρατοσθένης
389 3631 517 3701 τοιαῦτ’
539 3638 651 3719 εἴρηκε
674 3636 752 3720 περὶ
775 3636 836 3720 της
851 3634 968 3717 τρίτης
983 3637 1178 3721 σφραγῖδος.

111 3742 182 3806 Καί
205 3737 292 3806 σίλλοι
316 3747 382 3826 μὲν
414 3768 490 3807 τινα
522 3734 754 3826 ἁμαρτήματα
786 3753 880 3805 ποιεῖ
901 3764 931 3805 κ.
953 3765 980 3803 τ.
1005 3745 1034 3807 λ.
1092 3743 1179 3809 Male

112 3846 274 3929 discerptis
298 3849 459 3913 sententiis
481 3851 552 3931 post
574 3847 653 3931 περί
674 3846 814 3912 additum
836 3846 884 3910 est
906 3844 949 3911 δέ.

209 3950 275 4017 lbd.
289 3952 326 4014 81
350 3955 395 4032 (t,
417 3954 472 4034 28)
496 3953 676 4018 inserendus
687 3950 851 4018 ordeolus:
874 3946 939 4036 την
962 3950 1177 4037 διορίζουσαν

108 4052 273 4144 γραμμήν
297 4054 344 4123 τό
367 4055 696 4144 ἔσπίριονπλιυρόν
717 4059 779 4143 τῆς
800 4051 976 4144 Ἀριανίγς.
