2580 4530
153 264 215 326 380
576 261 636 316 Lib.
656 261 711 318 111.

112 460 255 531 cavimus,
279 460 454 542 sophistae)·
480 453 521 525 οὐ
540 455 606 544 γάρ
638 463 715 543 περὶ
739 460 889 543 σμικρῶν
911 455 1000 543 ὅρων
1022 453 1086 542 τήν
1107 451 1169 543 α’·μ-

5 599 8 607 -
112 559 316 650 φισβήτηοιν
335 567 449 650 οἴομαι
472 560 680 652 γενήσεσθαι
704 560 794 642 τότε,
817 560 949 633 ὁπόταν
972 566 1096 639 ἱκανός
1113 589 1169 649 ιγν-

112 667 286 736 λάιιοιιιιν.
330 672 404 752 Quae
434 671 477 736 sit
498 672 573 749 haee,
606 693 697 763 qnam
719 674 828 757 hospes
851 672 986 739 futuram
1009 674 1170 755 exspectet,

111 780 220 844 idonea
247 778 399 852 custodia,
428 797 447 842 a
474 774 617 860 sophistis
638 780 780 864 agenda,
801 778 932 855 frustra,
953 776 1071 858 opinor,
1094 795 1171 859 quae

111 902 224 948 remus.
298 883 493 949 Stallbaumii
540 884 664 966 quidem
712 885 861 950 enarratio
905 901 1030 966 prorsus
1079 900 1171 964 prava

111 995 167 1054 est.
211 989 259 1058 Ne
282 991 479 1074 ιγιιλαχθώιιι
510 990 634 1073 quidem
667 995 783 1056 neotum
815 1008 939 1056 sensum
976 988 1087 1084 etheit,
1118 989 1173 1054 etsi

110 1097 240 1161 aoristus
255 1097 400 1178 praesenti
410 1097 546 1178 praestat.
583 1095 784 1161 Scribonium
796 1095 917 1176 opinor:
940 1091 1031 1169 τότε,
1043 1087 1173 1160 ὁπόταν

112 1204 234 1275 ἱκανοῖς
267 1203 536 1286 papenheim:
565 1203 643 1278 tum,
676 1220 746 1265 oum
768 1201 844 1265 satis
866 1200 1049 1282 deprehensi
1069 1201 1174 1265 inven-

109 1312 194 1392 tique
215 1310 339 1388 fuerint,
361 1309 414 1392 qui
435 1309 507 1373 sint.

211 1415 276 1480 Ibd.
299 1436 328 1520 p.
342 1416 403 1476 234
422 1413 604 1478 eaohioitis
628 1413 903 1481 Sohleiermneheri
925 1413 958 1477 et
978 1411 1175 1479 Stallbaumii

110 1522 242 1586 inventis
280 1510 314 1606 (ᾗ
353 1525 384 1586 et
427 1513 597 1605 τυγχάνει)
640 1519 834 1584 scribendum
875 1521 935 1584 est·
975 1543 1053 1603 περι
1091 1545 1174 1593 τους

111 1619 273 1714 λόγους
253 1622 304 1711 αρ’
329 1621 370 1693 ου’
397 1627 588 1712 προοάοιιοιγ
591 1651 641 1691 ιεν
674 1627 762 1691 εἶναι
789 1650 866 1691 τινα
899 1622 1008 1709 άλλην
1040 1629 1173 1712 τέχνην,

111 1721 132 1821 ᾗ
163 1728 210 1799 όν
240 1729 434 1800 δυνατόν
421 1725 466 1799 αὖ
488 1726 683 1819 τυγχάνει
706 1757 788 1805 τους
809 1757 935 1804 νισνς.
960 1729 1089 1798 ..διά
1108 1735 1176 1798 τῶν

111 1837 204 1906 άτιον
245 1855 316 1914 τοῖς
350 1834 463 1926 λόγοις
497 1835 694 1925 pometiam
744 1837 871 1903 Codices
911 1841 1044 1924 τέχννν,
1080 1834 1102 1923 ἦ
1134 1834 1176 1906 ου’

111 1941 260 2013 δυνατόν
283 1938 328 2012 αὖ
351 1942 541 2034 τυγχάνειν.

210 2054 275 2118 lhd.
288 2075 315 2137 p.
329 2054 457 2118 235A:
479 2057 544 2126 Εἰς
566 2047 709 2138 γόιγταγ
696 2054 760 2134 μεν
783 2046 825 2134 δη
848 2050 904 2114 καὶ
926 2075 1089 2136 μιμντην
1110 2049 1175 2135 άρα

111 2163 233 2225 θετέον
255 2154 332 2224 τινά
356 2157 429 2239 (τόν
464 2154 649 2244 σοφιστήν).
699 2158 815 2239 Opinoi
842 2157 1051 2222 scribendum:
1102 2152 1173 2229 Ως

108 2260 222 2351 γόητα
231 2267 255 2342 ¹)
876 2302 879 2317 ·

208 2372 275 2436 Ibd.
288 2393 318 2454 p.
331 2371 444 2434 aoth:
463 2366 586 2441 Οττοις
607 2394 672 2456 γαρ
686 2363 827 2434 εἰπόντα
841 2364 915 2455 χρή,
931 2368 1042 2448 ψευδῆ
1065 2372 1175 2456 λέγειν

109 2470 303 2560 ἧδοξάζειν
325 2473 431 2548 ὄντας
453 2477 560 2549 εἶναι,
594 2478 649 2541 καὶ
682 2476 783 2541 τοῦτο
808 2470 1053 2560 φθεγξάμενον
1075 2482 1176 2543 ἐναν-

108 2586 257 2670 τιολσγίᾳ
278 2578 330 2675 μή
352 2584 570 2667 συνέχεσθαι,
594 2577 817 2649 παντάπασιν
839 2628 867 2645 ..
884 2575 1044 2667 χαλεπόν.
1090 2585 1176 2649 Inter

110 2685 252 2754 εἰπόντα
276 2691 307 2753 et
328 2690 460 2764 alterum
489 2691 590 2755 τοῦτο
615 2683 867 2775 φθεγξάμενον,
902 2707 960 2771 quo
986 2689 1064 2755 illud
1086 2710 1173 2756 revo-

109 2797 195 2860 oatnr
228 2799 259 2861 et
291 2800 453 2861 renovatur
486 2802 568 2875 (ουιιι
602 2798 698 2881 {piton
729 2795 773 2857 sio
809 2795 943 2871 diverto),
980 2815 1038 2860 non
1071 2800 1175 2880 potest

108 2902 260 2983 interponi
294 2903 367 2980 καί,
404 2903 485 2986 quod
517 2906 619 2969 ortum
653 2905 702 2968 est
737 2921 772 2967 ex
805 2901 903 2965 altera
937 2903 1056 2984 syllaba
1088 2905 1173 2969 verbi

110 3009 209 3072 εἶναι.
1161 3068 1163 3072 Α

209 3115 276 3180 Ibd.
297 3136 328 3197 p.
350 3117 411 3178 239
445 3119 472 3181 D
496 3118 546 3194 (de
568 3115 716 3198 sophista,
739 3132 830 3197 quem
852 3113 961 3195 hospes
983 3114 1061 3181 dixit
1082 3141 1172 3183 τιον-

111 3247 240 3307 ουργοις
268 3227 316 3295 εἰς
339 3219 470 3309 άτιορον
505 3221 612 3288 τόπον
650 3220 935 3299 καταθεόυαέναιμ
976 3223 1169 3308 Τοιγαροῦν,

109 3335 142 3392 εἴ
181 3355 257 3394 τινα
301 3329 457 3415 φήσομεν
494 3323 602 3394 αάτόν
638 3336 724 3413 ἔχειν
767 3323 1001 3412 φανταστικήν
1037 3334 1171 3414 τέχνην,

136 3621 278 3688 1)Ρ.236
304 3622 326 3674 B
354 3619 520 3675 restituenda
543 3617 662 3675 codicum
687 3617 819 3686 scriptura
841 3620 940 3671 temere
965 3619 998 3673 ab
1019 3619 1171 3675 Hermanno

179 3718 296 3768 mutata:
327 3715 374 3768 διὰ
406 3711 455 3783 τὴν
479 3704 529 3767 onia
552 3712 581 3765 ἐκ
606 3713 692 3763 καλοῦ
720 3709 800 3770 θεάν,
828 3713 938 3780 propter
960 3716 1131 3781 conspectum
1156 3730 1171 3767 a

178 3808 234 3861 loeo
267 3824 318 3862 non
347 3812 409 3876 apto
437 3811 465 3859 et
483 3805 576 3859 idoneo
606 3807 647 3870 (en
674 3818 712 3865 eo,
740 3800 811 3854 unde
834 3806 951 3856 extrema
975 3804 1079 3858 minora
1102 3806 1171 3859 veris

177 3898 322 3968 videntur).
372 3899 414 3954 Οὐ
438 3916 491 3953 non
517 3898 637 3966 „aliquot
661 3892 778 3948 codices“
805 3894 839 3948 od
870 3895 1029 3949 fulciendam
1061 3913 1168 3966 corrup·

180 3991 262 4043 telam
281 3992 451 4054 addiderunt,
479 3991 525 4046 sed
545 3994 624 4044 tenen
638 3992 746 4042 tamnes
775 3991 870 4056 preter
888 3993 950 4051 tres,
979 3989 1041 4043 boni
1060 4006 1169 4058 prorsus

177 4099 275 4138 omnes.
