2580 4530
527 107 585 162 Lib.
603 107 656 163 111¹.
1014 106 1073 170 317

424 242 432 282 ι

63 306 256 392 perticipium
288 306 361 391 poni
390 299 439 381 άς
468 300 530 373 τάν
562 305 675 392 δῆμον
696 301 948 389 καταλύωσιν.)
977 307 1121 375 lilium

62 414 134 480 vidit
153 413 309 479 Dukerns.

156 519 223 583 lod.
248 520 300 597 82,
322 519 360 583 8:
386 514 533 589 Πάντων
562 511 591 585 (λ’
620 512 734 586 αὐτῶν
761 521 874 615 αἴτιον
899 512 983 604 olom*
1007 513 1034 603 η’
1063 511 1119 584 διά

61 625 262 702 πλεονεξίαν
286 627 340 692 aui
365 625 574 710 φιλοτιμίαν.
627 624 733 709 Neque
760 618 847 711 άρχή
870 627 1119 710 protectionic

59 734 117 800 τοῦ
137 729 258 818 ἄρχειν
280 751 351 797 cum
372 732 536 798 scholiasta
556 731 655 815 accipi
676 734 759 797 recte
780 733 892 816 potest,
914 750 1011 815 neque
1032 725 1117 817 α’ρχιὶ

59 836 77 925 ἠ
108 835 167 906 διά
197 839 400 915 πλεονεξίαν
433 838 621 915 (dominatus
650 839 775 920 propter
806 836 1003 918 aviditatem)
1033 840 1117 903 recto

59 948 180 1014 dicitur.
230 945 425 1029 Thucydides
447 944 625 1026 scripserat:
660 934 800 1010 πάντων
828 945 863 1009 δὲ
893 935 1005 1009 αὐτῶν
1033 936 1116 1029 α’ρχι)

58 1049 146 1139 ἠδιά
165 1052 372 1128 πλεονεξίαν
393 1051 447 1116 καί
467 1049 680 1136 φιλοτιμίαις
704 1050 842 1115 omnium
863 1050 972 1115 horum
991 1049 1118 1117 initium

58 1163 86 1227 id
109 1162 188 1236 fuit,
226 1159 458 1242 quodpropter
490 1155 669 1221 aviditatem
699 1157 732 1220 et
762 1156 884 1220 honoris
917 1156 1120 1239 cupiditatem·

60 1268 242 1335 nascebatur
264 1262 401 1343 (initium
412 1281 448 1327 ex
459 1262 607 1327 aviditate
619 1262 701 1340 fuit).
743 1263 794 1342 Ad
811 1263 1014 1328 enarrandum
1031 1256 1115 1353 α’ρχή

60 1373 196 1438 additum
218 1372 268 1436 eet
288 1371 408 1434 αἴτιον.
743 1395 746 1400 ·

152 1478 225 1544 Ihd.
247 1476 288 1539 84
322 1475 366 1551 (in
386 1474 454 1539 loco
481 1472 544 1537 iam
571 1473 613 1543 ab¹
639 1473 772 1555 antiquis
802 1475 980 1553 damnatolt.
1015 1485 1052 1544 οἴ
1079 1505 1116 1545 τι

60 1611 102 1672 μη
125 1587 184 1651 ἐπὶ
208 1581 402 1703 πλεονεξίᾳ,
429 1572 499 1644 οἷπιί
528 1581 603 1644 ἴσου
632 1578 666 1644 δὲ
695 1573 844 1662 μάλιστα
867 1575 1082 1657 ἐπιόντες.

62 1687 153 1777 άμσῖς
176 1693 234 1757 aul
258 1679 498 1773 άπαραιτήτως
519 1687 709 1750 ἐπέλθοιεν
745 1685 991 1753 Scribendum“
968 1708 987 1754 'e
1013 1716 1058 1766 τε,
1080 1635 1117 1757 nt

60 1800 109 1866 hoc
135 1797 322 1881 respondeat
354 1791 504 1877 superiori
537 1792 592 1857 καὶ
626 1785 746 1859 ὁπόσα
796 1794 878 1860 Nem
912 1795 970 1860 duo
1001 1816 1115 1881 genera

60 1906 237 1970 iniuriarum
264 1902 296 1968 et
322 1899 474 1966 scelerum
495 1898 721 1983 significantur,
748 1901 926 1965 inferiorum
947 1903 1115 1991 ulciscendi

61 2010 88 2071 et
106 2007 187 2072 lucri
209 2006 407 2090 cupiditate
398 2023 590 2070 incensorum
616 2007 761 2071 adversus
787 2006 957 2089 superiores
979 2001 1114 2093 (ὁπόσα)

56 2117 82 2178 ct
98 2114 294 2197 snpen'orum
316 2113 364 2176 ira
383 2111 644 2177 inflammatorem
660 2114 804 2178 adversus
820 2113 976 2180 inferiores
998 2111 1033 2194 (ά
1049 2121 1107 2195 τε).

55 2219 142 2286 Panlo
168 2222 240 2304 poet
252 2221 297 2298 (2)
309 2218 519 2283 scribendum:
542 2223 578 2283 ἐν
601 2206 626 2304 ᾦ
645 2212 697 2303 μή
721 2211 988 2302 βλάπτουσιν
1012 2217 1110 2308 ἰαχάν

55 2325 111 2412 εἶχε
134 2321 175 2391 τά
199 2332 362 2407 edessio:
390 2323 503 2406 inquo
524 2325 669 2390 adversus
693 2344 754 2404 eos,
775 2328 827 2412 qui
848 2328 924 2392 nihil
945 2330 1107 2409 nocebant,

53 2432 169 2497 valebat
190 2430 316 2496 invidia.
358 2431 489 2496 Dativus
516 2426 733 2516 βλάπτουσιν
762 2433 938 2515 praecipitur
960 2434 1108 2516 quodam·

52 2538 132 2604 nodo
158 2539 285 2620 propter
306 2545 464 2622 φθονεῖν.
499 2538 586 2618 Quod
596 2539 628 2603 in
639 2539 724 2604 libris
741 2541 789 2604 est
809 2533 859 2624 μή
882 2532 1107 2623 βλάπτουσαν

52 2640 150 2730 ἰαχάν,
175 2644 242 2709 sine
264 2663 357 2709 sensu
379 2645 435 2708 cst.
937 2632 940 2637 ’

143 2748 215 2814 Ibd.
226 2749 278 2827 89,
302 2752 319 2810 2
342 2751 445 2815 scrib.:
470 2743 631 2815 θάλασσα
653 2744 905 2814 άπελθοὺοα
929 2756 1106 2834 (protonol-

51 2858 170 2934 θοῡσα)
201 2849 272 2920 α’πά
301 2855 362 2939 τῆς
388 2852 465 2921 τότε
494 2854 597 2940 οὔσης
623 2857 696 2943 γῆς.
735 2854 810 2932 (Alii
837 2860 1104 2939 scansionem.)

50 2963 163 3028 Deinde
185 2964 204 3046 ᾖ
226 2963 248 3022 4
275 2981 291 3024 e
318 2962 441 3027 scholiis
469 2963 693 3039 restituendum
722 2955 973 3044 ἐπισπώμενον.
1025 2965 1104 3032 Sub-

48 3068 158 3134 iectum
181 3071 231 3133 est
252 3063 315 3134 τόν
337 3064 489 3152 σεισμόν.
532 3061 774 3136 Ἀποοτέλλειν
792 3068 987 3134 intransitive
1007 3071 1103 3152 accipi

48 3175 158 3259 nequit.

140 3281 209 3348 lod,
232 3278 284 3358 90,
307 3282 342 3344 1:
387 3281 455 3346 Του
485 3273 515 3345 δ’
545 3273 652 3346 ου’τοὺ
677 3282 802 3364 θέρους
830 3282 1020 3366 ἐπολέμουν
1047 3283 1101 3347 καὶ

48 3383 150 3461 ἄλλοι,
169 3380 216 3458 νίς
238 3378 391 3460 ἑκάστοις
413 3391 622 3472 ξυνέβαινεν,
647 3392 683 3451 ἐν
704 3390 747 3476 τῇ
769 3389 904 3472 Σικελίᾳ
927 3390 981 3453 καί
1004 3381 1102 3454 αὐτοὶ

48 3496 74 3554 οἱ
95 3494 294 3559 Σικελιῶται
330 3487 382 3558 ἐπ’
404 3487 571 3578 άλλήλους
594 3489 836 3580 στρατεύοντες
859 3497 913 3560 καὶ
936 3499 969 3558 οἱ
988 3489 1102 3579 Ἀθη-

48 3611 129 3664 νσῑσι
164 3595 231 3665 σάν
263 3613 335 3673 τοῖς
368 3607 540 3686 σφετέροις
573 3600 769 3688 ξυμμάχοις.
831 3603 901 3667 Iure
933 3602 1035 3683 Poppo
1068 3603 1100 3665 et

47 3702 216 3771 Classenius
246 3706 350 3770 mirati
378 3709 451 3772 sunt
477 3705 602 3782 ἄλλους
631 3710 701 3774 illos
729 3709 761 3772 et
787 3726 805 3771 e
827 3706 1036 3773 siciliensibus
1067 3707 1099 3770 et

48 3810 79 3873 ab
99 3811 342 3878 Atheniensibus
364 3814 513 3896 separari3
541 3816 596 3879 sed
623 3814 718 3879 nihilo
739 3816 857 3898 aptius,
884 3813 962 3896 quod
985 3812 1099 3879 substi-

47 3918 139 3995 tuunt
168 3915 264 3984 άλλο.
314 3920 497 3984 Tollendum
519 3920 628 3985 inscite
649 3919 788 3986 additum
812 3921 866 3985 τοὶ
889 3919 961 3983 anto
983 3916 1097 3986 αάισίι
