2580 4530
545 226 604 282 no.
624 228 646 282 1.
907 249 910 255 Α
1029 232 1087 294 115

53 427 221 495 Sicorim
242 427 417 495 Merkelius
441 425 557 500 edidit,
593 424 747 510 apposita,
786 429 821 492 ut
847 432 1005 525 parerat,
1036 431 1130 513 priori

53 537 155 606 versui
164 532 282 603 mendi
292 533 375 608 notu,
398 533 432 597 in
447 551 507 615 quo
520 532 626 598 tamen
645 532 875 599 vetustissimus
892 534 985 599 codex
1007 537 1130 603 tutum

53 645 157 722 babet,
179 661 246 708 non
269 643 404 706 totum.
447 636 595 721 Apparet,
618 635 681 702 boo
700 638 769 713 dici,
793 657 857 704 nor
876 642 1130 709 committendum

55 750 247 817 oeseAEnoae
266 758 340 819 (non
363 764 433 811 asse
454 742 557 823 tanti),
582 742 626 818 ut,
650 761 722 808 oum
735 743 812 809 illud
828 742 984 811 advenerit
998 749 1130 832 tempus,

55 876 86 923 se
104 857 176 939 ipse
201 855 332 918 accuset
357 850 504 937 (merui)
527 848 573 919 et,
593 849 707 914 ceteris
734 845 865 921 remotis
896 853 1130 931 (concedite,

58 963 111 1028 boc
144 961 216 1039 est,
253 957 407 1024 discedite
438 958 471 1021 et
504 955 580 1019 mibi
612 954 714 1021 locum
745 954 845 1036 date),
859 936 973 1040 ‘poenae
1005 960 1130 1038 offerat;

58 1066 260 1134 efficiendum
276 1065 325 1130 est
338 1064 446 1148 igitur,
468 1064 504 1126 ut
524 1060 633 1126 dicas
656 1063 689 1125 et
710 1064 824 1144 putes
838 1066 929 1128 ‘recte
950 1066 1132 1147 cumdquid

59 1171 160 1238 tanti
186 1173 251 1236 est
273 1170 516 1254 coniungantur,
537 1165 667 1232 fortasse
690 1167 795 1243 etiam,
822 1162 866 1233 ut·¹
879 1171 1034 1253 temporis·
1048 1171 1131 1238 illius

59 1279 151 1344 laturi
179 1275 372 1360 significatio
398 1262 504 1357 aliqua
524 1271 574 1336 sit.
618 1271 656 1335 ld
676 1272 801 1367 ‘efficiet
829 1276 861 1339 et
886 1275 988 1340 locum
1011 1280 1133 1346 sanabit

59 1388 95 1450 nt
123 1403 185 1469 pro
220 1385 263 1448 tu
302 1381 335 1445 in
363 1362 573 1463 antiquissimi
603 1370 717 1444 codicis
752 1374 903 1462 scriptura
929 1366 1132 1451 substitutum

60 1495 100 1567 (et
120 1487 280 1574 praecedit
300 1487 346 1564 tl:
632 1502 635 1509 ·

159 1594 247 1676 Quen
267 1591 350 1658 cene
371 1591 429 1663 ese,
454 1589 492 1654 ut
511 1590 590 1664 tum,
613 1588 725 1663 mern,
748 1590 920 1672 consone,
943 1594 1035 1668 nice,
1073 1577 1076 1581 ’

159 1717 296 1787 qumque
316 1695 439 1773 cadent,
460 1695 493 1758 in
514 1694 546 1758 te
562 1693 694 1759 fulmina
714 1697 809 1761 missa
831 1699 942 1780 putes?

60 1809 151 1892 Apud
174 1807 333 1873 Senecam
352 1802 385 1866 in
406 1799 540 1865 Hercule
562 1800 726 1884 tragoedia,
754 1801 807 1866 ubi
828 1803 964 1870 Theseus
987 1806 1135 1873 describit

61 1914 238 1980 Herculem
254 1908 296 1975 ad
306 1907 486 1981 Cerberum,
507 1924 598 1989 quem
608 1906 641 1970 in
652 1906 754 1971 vincla
768 1909 902 1990 petebat,
926 1900 1133 1989 accedentem,

60 2023 123 2087 bare
146 2018 303 2104 leguntur
323 2013 397 2091 (795
422 2016 519 2095 sqq.):

531 2117 576 2182 Ut
595 2118 718 2201 propior
739 2121 828 2184 stetit

200 2231 280 2294 Iove
301 2225 403 2300 natus,
427 2223 515 2289 antro
536 2224 618 2289 sedit
637 2225 775 2290 incertus
797 2227 891 2307 canis,

203 2336 241 2401 et
260 2336 390 2414 uterque
413 2329 535 2407 timuit;
558 2348 629 2395 ecce
650 2331 766 2395 latratu
788 2333 876 2415 gravi

199 2441 274 2505 loca
296 2440 385 2503 mute
405 2438 511 2514 terret,
532 2437 638 2502 sibilat
661 2438 743 2502 totos
765 2438 868 2502 minax

201 2563 332 2626 serpens
352 2563 408 2627 per
428 2562 538 2609 armos.

164 2653 280 2734 Neque
310 2670 365 2732 per
387 2668 422 2715 se
441 2648 505 2714 ullo
526 2648 618 2714 modo
633 2649 707 2713 Iove
728 2653 836 2715 natum
858 2652 908 2716 bic
929 2653 1043 2720 timor
1063 2663 1135 2734 (non

66 2762 169 2828 brevis
192 2757 345 2824 momenti
366 2754 531 2833 baesitatio)
554 2754 657 2828 decet,
690 2773 707 2818 e
738 2755 939 2842 ,manifestum
962 2761 1010 2825 est
1031 2780 1067 2826 er
1087 2762 1136 2838 iis,

66 2889 128 2951 qnae
160 2861 384 2936 subiiciuntur,
421 2879 564 2946 perverse
591 2861 642 2925 hic
666 2861 833 2928 Herculem
862 2864 1030 2948 interponi,
1066 2887 1137 2934 cum

66 2974 171 3039 omnia
192 2968 372 3053 pertineant
393 2965 433 3031 ad
444 2965 611 3032 Cerberum
626 2967 761 3048 primum
777 2969 933 3053 paulisper
953 2975 1137 3054 perculsum,

66 3077 179 3145 deinde
203 3074 325 3140 animos
349 3074 576 3148 resumentem
599 3074 654 3138 sed
673 3093 712 3139 ne
728 3073 894 3141 Cerberum
916 3078 1040 3162 quidem
1061 3078 1138 3143 illud

66 3192 129 3251 tarn
158 3180 349 3264 simpliciter
376 3178 509 3263 positum
536 3179 669 3244 timuit
696 3179 786 3246 decet
814 3201 872 3247 neo
903 3182 1047 3249 convenit
1068 3201 1138 3259 curn

67 3312 115 3367 eo,
145 3287 237 3374 quod
256 3285 420 3370 praecedit,
450 3285 555 3350 sedit
577 3286 762 3350 incertus.
811 3288 919 3372 Itaque
940 3307 1068 3371 pravum
1091 3289 1139 3352 est

68 3404 244 3479 uterque
274 3391 306 3454 et
332 3409 389 3473 pro
413 3408 448 3454 eo
469 3390 584 3474 aliquid
606 3390 800 3457 efficiendum
822 3396 885 3473 est,
915 3414 973 3478 quo
994 3394 1139 3461 adiuncto

68 3503 206 3569 timuit
229 3500 268 3564 de
290 3497 356 3563 solo
369 3495 498 3561 Cerbero
520 3497 615 3562 etiam
636 3498 737 3580 aptius
759 3498 888 3599 dicatur.
931 3500 968 3563 Id
988 3499 1047 3563 erit
1067 3499 1138 3565 boc:

488 3603 576 3666 antro
597 3603 677 3669 sedit
697 3605 832 3670 incertus
855 3603 940 3668 canis
1013 3643 1016 3652 ι

170 3708 418 3789 Leviterque
441 3704 554 3773 timuit.
584 3730 587 3735 ·

72 3820 112 3884 Ex
132 3816 288 3883 leuiter
308 3814 427 3880 iactum
448 3818 495 3881 est
517 3815 555 3881 et
575 3817 672 3880 nter.

170 3920 356 3987 Redeamus
380 3918 556 4002 adprosam
579 3921 749 3986 orationem
772 3921 803 3984 et
823 3920 855 3983 in
878 3919 972 3984 nobili
994 3920 1142 4003 scriptore

72 4031 206 4113 coptam
235 4027 279 4091 ab
302 4024 374 4089 aliis
400 4026 646 4093 emendationem
673 4026 866 4093 absolvamus
890 4029 924 4093 et
940 4027 1141 4094 stabiliemus.

909 4134 944 4188 g·
