2580 4530
546 262 604 323 tin.
622 264 645 319 Ι.
861 327 864 333 ,
1047 267 1085 329 41

52 464 218 529 Primum
255 464 360 529 feeit
383 459 521 546 (aliquid
551 459 589 537 is,
611 478 702 543 quem
724 463 759 529 tu
780 482 874 548 negas
896 465 1128 549 quiequam-ie·

51 571 154 647 cissen
176 571 280 638 bono
302 569 432 635 animo
454 568 592 633 bonum
611 567 772 646 (animum)
792 570 943 637 obtulit
963 574 1011 650 st,
1034 573 1129 656 quod

53 679 101 741 est
121 676 336 754 amicitiae,
359 694 407 741 ex
435 691 544 757 aequo
569 673 715 760 posuit
757 676 903 743 Deinde
923 678 1048 744 aliter
1069 681 1128 757 eet.

53 782 90 847 dr
113 783 254 865 posuit
274 783 363 849 laeto
393 782 483 864 post
506 786 564 859 (ox
584 798 694 863 aequo.
726 782 829 847 -Post
850 782 989 848 deinde
1009 783 1129 851 aliter

54 892 116 967 ret)
135 888 254 970 prioris
276 887 445 955 sententiae
473 885 568 959 etiam
593 887 693 951 forma
724 905 832 953 eversa
863 892 912 955 est
951 889 1017 972 (qui
1044 889 1127 955 enim

56 992 1127 1085 uouiuugunturhaeeobtulitet.exaquei),tummirepreeee-

58 1098 130 1166 denti
161 1101 343 1184 primurn
365 1098 530 1165 subiicitur
550 1101 637 1180 post
659 1097 842 1178 deinde¹).
885 1100 935 1165 An
958 1100 1126 1166 omissisin

55 1207 153 1271 mediis
182 1207 295 1275 verbis
318 1206 360 1272 ad
375 1206 479 1272 uerba
505 1206 570 1270 tota
599 1204 720 1289 singula
740 1206 867 1288 plurave
891 1205 1005 1277 omusa
1026 1207 1127 1274 trans·

57 1331 161 1379 umus.
216 1313 262 1377 Et
301 1311 462 1377 omittitur
499 1309 654 1377 interdum
680 1311 713 1376 in
742 1312 898 1378 codicibus
926 1311 971 1377 sie
998 1313 1126 1383 verbum

58 1436 141 1483 unum
163 1420 199 1485 et
221 1418 374 1495 alterum,
397 1419 434 1482 ut
454 1418 567 1500 praeter
587 1417 816 1502 neglegentiam
837 1417 1126 1500 festinationemque

59 1532 83 1587 el
100 1544 212 1591 casum
236 1524 328 1589 nulla
348 1542 444 1588 nausa
465 1522 567 1587 afferri
586 1522 699 1605 possit3
737 1522 792 1587 sed
812 1523 917 1613 tamen
939 1524 971 1587 in
992 1524 1127 1606 antiquie

59 1642 81 1693 et
98 1630 246 1694 uocumte
268 1629 396 1711 seriptis
419 1629 533 1711 praeter
552 1647 681 1712 pauens,
704 1629 757 1711 qul
777 1630 832 1694 hoe
853 1648 965 1713 genere
986 1631 1126 1712 peceant

60 1736 130 1800 uiui
150 1737 190 1811 is,
226 1754 292 1818 quo
321 1752 383 1799 uno
414 1733 498 1799 Livii
517 1733 588 1800 libri
609 1735 748 1818 quinque
762 1736 910 1818 postremi
931 1735 1126 1800 eontinentur

69 1842 118 1905 nr.
144 1841 299 1907 emenus.
328 1841 450 1906 ursan.
467 1854 498 1923 p.
519 1840 582 1903 seo
602 1860 668 1924 sqq.
690 1821 782 1908 ee'ue
802 1841 956 1908 sueinus
976 1841 1125 1905 nurerum

61 1948 205 2014 ‹lirerouis
258 1946 299 2012 de
343 1946 459 2011 finibus
503 1946 619 2029 praefat.
666 1948 777 2011 nostra
823 1945 965 2012 editionis
1004 1967 1034 2029 p.
1077 1948 1124 2024 L),

62 2055 183 2138 eruatis
211 2052 391 2119 minoribus
421 2052 603 2135 quibusdam
626 2053 757 2129 voculis,
792 2072 859 2135 quae
880 2051 1001 2117 faoilius
1024 2052 1125 2117 oeulos

62 2160 227 2244 ugiebant,
264 2159 300 2224 id
325 2177 394 2223 raro
426 2157 553 2233 aedidit,
585 2160 622 2223 ut
651 2159 744 2229 certis
773 2159 806 2222 et
836 2159 934 2223 firmis
957 2158 1124 2224 rationibus

63 2269 182 2333 ummo
198 2284 240 2331 ex
263 2264 433 2329 manifesta
446 2264 547 2329 totius
568 2265 731 2330 sententiae
752 2266 853 2330 forma
872 2265 901 2329 ei
925 2263 1123 2348 pugnandum

65 2374 103 2437 ir.
115 2374 169 2455 qui
189 2370 347 2436 vocabulo
367 2369 548 2451 simpliciter
569 2371 708 2436 addendo
731 2371 870 2436 eodieum
892 2371 1037 2435 mendum
1059 2390 1125 2436 eor-

65 2478 147 2561 dgere
179 2480 316 2543 conetur
336 2495 393 2540 neo
416 2495 541 2540 eausam
564 2477 628 2541 eius
651 2479 759 2542 omissi
780 2478 898 2542 reddat.
940 2477 1125 2560 Plerumque

65 2586 151 2667 dique
189 2604 229 2650 ex
269 2582 474 2663 praeeedentis
501 2585 555 2647 aut
587 2583 803 2666 subsequentis
835 2584 918 2648 voois
949 2585 1003 2648 aut
1028 2585 1126 2666 partis

68 2692 132 2755 uris
163 2689 378 2755 similitudine
402 2707 496 2752 eausa
516 2692 652 2772 apparet,
684 2691 778 2754 etiam
804 2690 836 2754 in
866 2690 1033 2755 minoribus
1065 2691 1127 2755 illis

67 2800 191 2873 Tcuibus,
224 2796 319 2861 velut
339 2794 422 2875 quod
443 2795 474 2857 in
497 2793 613 2859 Graecis
635 2796 788 2860 eodieibus
810 2815 870 2860 non
893 2814 961 2860 raro
984 2795 1128 2861 scribitur

68 2906 158 2971 :illese
192 2899 333 2986 ἥκιστα,
361 2886 509 2972 μάλιστα
540 2919 594 2981 pro
619 2894 727 2986 ἥκιστ’
757 2900 811 2979 ἄν,
839 2895 974 2984 μάλιστ’
996 2899 1048 2976 ἄν,
1071 2922 1129 2983 quo

68 3032 163 3091 genere
194 3006 452 3075 testimoniorum
481 3007 604 3089 quidam
634 3008 756 3072 ineante
777 3008 951 3085 utuntur).
1000 3008 1059 3072 Sed
1081 3010 1129 3069 ta-

68 3138 123 3183 reu
149 3117 235 3200 apud
281 3111 444 3176 Valerium
466 3112 636 3178 Maximum
664 3113 719 3189 IX,
745 3117 764 3174 2
787 3114 811 3177 Ε
834 3115 855 3174 4
876 3115 907 3179 in
938 3115 986 3178 his
1012 3111 1128 3176 verbis:

83 3229 111 3291 ri
138 3221 266 3290 'Zisemj
279 3217 421 3284 Thraciae
433 3218 513 3300 regi)
535 3238 658 3302 neque
679 3217 1130 3284 viroshominesmedios

12 3310 15 3317 Ι
70 3352 186 3397 urere
221 3345 351 3410 neque
379 3327 562 3407 parentes
584 3325 801 3390 liberorum
823 3327 935 3390 vesei
956 3323 1130 3403 eorpori-

80 3664 93 3723 ¹-
117 3668 148 3720 11¹
168 3661 315 3721 Cicewniss
335 3660 379 3713 ΠΙ
406 3657 441 3712 (10
459 3657 532 3712 finib.
550 3662 586 3716 44
600 3658 684 3731 ,sodex
701 3661 860 3730 archetypus
879 3652 975 3709 habuit
993 3656 1133 3726 Postne;

119 3762 146 3814 iu
165 3753 374 3815 recentior-flius
394 3753 470 3805 reeta
487 3752 637 3807 coniectura
649 3754 780 3822 seriptum
799 3754 840 3806 est
858 3750 1032 3805 Potestne.

81 3884 88 3915 ²
119 3890 219 3943 'Ianira
243 3886 333 3941 etiam
365 3897 401 3936 ex
420 3875 520 3947 ἥκιστα
537 3881 623 3935 oritur
641 3876 771 3950 ἥκιστ’ἄν.
808 3878 898 3933 lltiem
926 3878 1043 3946 negandi
1072 3893 1134 3946 par·

118 3984 213 4038 siculas
233 3977 384 4035 interdum
405 3973 514 4039 omitti,
537 3974 569 4029 de
587 3974 694 4030 Latinis
714 3971 820 4029 ostendi
838 3970 873 4026 ad
890 3969 945 4025 Cle.
964 3971 997 4025 de
1016 3970 1061 4025 fin
1081 3970 1134 4029 ΙΙΙ,
