2580 4530
152 247 213 310 456
572 243 632 299 Lib.
650 244 703 300 IIL

113 469 172 532 qua
196 446 277 529 apud
299 444 496 510 Plutarchum
529 445 644 510 tradita
676 446 733 522 eet
764 443 913 509 facillime
941 443 1090 510 efficitur:
1124 441 1172 531 μη

109 548 234 638 ὀροῖν,
267 544 327 616 dria
359 575 411 624 τις
442 547 533 616 ὅπλα
559 545 613 617 aad
635 551 697 635 τῆς
728 544 835 638 χώρας
857 543 1064 635 Ἀθηναίων
1095 558 1172 640 ἔχων

112 655 308 746 πορεύηται.
366 655 458 738 Apud
499 657 697 723 Plutarchum
741 658 863 723 additur
898 652 984 744 μηδ’
1025 653 1168 728 οἷιισύειν.

114 766 173 847 Qui
194 783 323 832 acumen
344 781 404 827 non
425 763 585 843 intellexit,
608 764 764 830 decretum
786 764 908 848 putavit
927 761 980 849 μή
1001 770 1172 852 περιορᾶν.

112 873 286 938 Articulum
307 873 404 938 altero
424 874 491 938 loco
514 872 618 937 induci
639 871 703 936 iem
725 870 876 954 Sauppiue
897 872 1037 951 voluit¹)

211 980 302 1063 Apud
336 979 579 1046 Demosthenem
611 977 735 1063 Olynth.
771 977 796 1050 Ι,
828 974 868 1037 19
901 976 1072 1044 delendum
1105 981 1174 1063 puto

115 1086 215 1168 priore
236 1087 303 1150 loco
327 1078 568 1169 στρατιωτικοί,
603 1084 639 1147 ut
660 1084 812 1149 scribatur
841 1083 983 1149 tentum:
1020 1073 1174 1161 ἔστιν,ιῖ

112 1187 233 1275 ἄνδρες
253 1186 453 1276 Ἀθηναῖοι,
478 1183 632 1276 χρήματα
653 1182 751 1274 ύμῖν,
773 1197 865 1254 ἔστιν
885 1185 949 1254 ὅσα
971 1181 1089 1257 οὐδέσι
1112 1192 1175 1257 τῶν

113 1294 223 1363 ἄλλων
249 1290 461 1384 ἀνθρώπων.
520 1296 666 1361 Nondum
705 1296 785 1360 enim
819 1298 921 1360 orator
951 1288 1173 1380 στρατιωτιειύ

113 1405 178 1470 haec
193 1422 258 1469 esee
280 1403 363 1483 dicit,
386 1402 441 1468 sed
461 1403 583 1468 tantum
602 1402 738 1466 affirmat
751 1403 891 1468 universe
906 1403 1047 1483 pecuniae
1059 1405 1174 1488 copiam

114 1530 182 1575 esse
218 1511 282 1588 (cir.
318 1509 404 1589 XIV,
440 1509 510 1587 25);
536 1510 585 1573 'ea
619 1527 700 1573 nunc
731 1508 878 1591 populum
913 1506 974 1573 alio
1004 1509 1100 1576 modo
1131 1509 1174 1574 uti

112 1617 241 1701 fruique.
269 1615 458 1700 (olyntum,
481 1616 520 1689 14
541 1615 731 1699 interpung.:
754 1610 860 1680 πάλιν
881 1604 926 1680 αύ
954 1609 1046 1697 πρός
1068 1618 1174 1684 Ποτί-

113 1723 213 1789 ιλαιαν
234 1715 452 1795 Ὀλυνθίοις·
476 1714 585 1807 dociae]
606 1747 637 1787 τι
662 1721 763 1788 τούτο
787 1715 1074 1807 συναμφότερον.)

212 1828 317 1894 Eiusd.
340 1828 464 1913 Olynth.
486 1829 533 1904 Π,
563 1829 603 1892 28
628 1829 821 1894 scribendum
843 1829 908 1894 aet:
931 1830 1092 1898 ἐνταῦθα
1112 1830 1172 1915 μέν

116 1942 185 2002 ἐστι
218 1931 259 2001 τύ
291 1925 386 2002 ἆθλα
409 1982 418 2000 .
441 1983 479 2001 ..
511 1929 675 2020 ύμὲτερα,
708 1929 772 2000 noia
799 1934 932 2024 ληφθῇ,
965 1937 1170 2022 παραχρῆμα

114 2038 214 2128 ύμεῑς
235 2050 427 2127 κομιεῖσθε,
449 2042 585 2119 sublato,
608 2041 687 2125 quod
714 2043 762 2106 rei
782 2042 974 2107 declarandae
1005 2061 1101 2109 cauea
1122 2041 1173 2107 ad·

114 2150 341 2233 scriptumest,
364 2142 586 2233 Ἀμφίπολις,
613 2167 668 2230 pro
698 2167 757 2232 qno
779 2148 902 2213 etiamsi
923 2167 996 2213 cum
1017 2147 1169 2214 Dindorlio

114 2252 330 2339 Ἀμφίπολιν
359 2255 518 2332 scribatur,
549 2271 611 2318 non
638 2254 740 2318 minue
767 2273 897 2336 pravum
926 2255 968 2320 sit
996 2249 1072 2321 κᾶν.
1116 2250 1171 2319 Sed

113 2381 210 2446 neque
248 2367 344 2424 uuum
376 2358 536 2441 praemium
569 2360 685 2422 certum
717 2359 917 2426 Demostheni
952 2360 1170 2427 nominandum

115 2471 190 2543 erat,
214 2484 311 2549 neque
331 2482 413 2528 nunc
434 2463 472 2527 de
494 2463 670 2545 Amphipoli
699 2467 771 2530 ante
798 2485 894 2531 annos
916 2484 978 2532 non
1009 2465 1171 2551 paucoain

114 2572 249 2656 Philippi
271 2569 420 2635 dicionem
440 2568 563 2633 redacta
585 2570 791 2651 recuperanda
812 2573 969 2655 agebatur.

213 2677 318 2742 Eiusd.
341 2675 473 2758 Philipp.
495 2675 527 2739 ΙΙ
561 2679 597 2740 2:
627 2669 701 2740 ἄλλ’
734 2681 783 2750 εἰς
813 2679 913 2744 τούτο
944 2674 1012 2764 ἤδη
1046 2702 1172 2765 προηγ-

114 2787 201 2870 μένα
229 2773 385 2869 τυγχάνει
419 2773 533 2846 πάντα
564 2777 604 2847 τύ
639 2776 825 2867 πράγματα
857 2784 900 2872 τῇ
932 2778 1044 2860 πόλει,
1075 2777 1169 2858 ὥσθ’,

116 2887 182 2977 ὅσοι
212 2915 264 2963 τις
293 2882 339 2953 oia
364 2889 498 2972 μᾶλλον
522 2936 530 2952 .
555 2939 562 2954 .
586 2938 593 2954 .
615 2891 765 2978 ἐξελέγχῃ
796 2891 1001 2957 Φίλιππον.
1030 2941 1070 2957 ..
1094 2891 1171 2958 πᾶσι

116 3011 187 3070 τοῖς
201 2992 369 3079 Ἓλλησιν
385 2990 666 3082 ἐπιβουλεύοντα,
689 2991 837 3083 τοσούτῳ
853 2991 906 3073 τύ,
928 2998 962 3062 τί
973 2993 1037 3083 χρη
1050 3011 1172 3071 ποιεῖν,

118 3102 371 3190 συμβουλεύσοι
394 3096 629 3188 χαλεπώτερον
651 3103 749 3169 εἶναι.
800 3104 961 3169 Postrema
982 3124 1039 3169 vox
1062 3105 1172 3184 (εἶναι)

117 3214 150 3278 in
179 3212 283 3278 codice
312 3209 448 3273 omnium
480 3210 731 3292 praestantissimo
759 3213 816 3289 (Σ)
850 3211 888 3274 ab
921 3211 1018 3275 altera
1052 3213 1174 3276 demum

116 3338 211 3386 manu
232 3316 337 3383 addita
360 3317 416 3379 est.
460 3315 660 3380 Scribendum
682 3320 731 3381 est
757 3318 864 3400 igitur:
898 3321 948 3390 εἰς
976 3320 1079 3384 τουτο
1110 3316 1174 3403 ἤδη

147 3508 170 3575 ¹)
188 3505 264 3572 Quod
282 3510 297 3571 ξ
315 3507 366 3560 103
390 3503 558 3558 scribendum
584 3505 714 3560 videram:
744 3501 781 3568 ὡς
800 3503 1013 3574 λπιλησομὲνοος
1038 3509 1098 3578 (pro
1117 3507 1174 3566 iur-

186 3596 396 3667 μελησομένονς)
418 3594 534 3660 τούτους
560 3600 609 3666 τῆς
628 3601 677 3667 σῆς
698 3599 833 3667 πονηρίας
857 3598 902 3652 nul
928 3597 962 3654 ού
981 3599 1078 3656 δώσων
1098 3602 1175 3671 δίκην

187 3712 213 3745 ιι.
229 3711 256 3746 τ.
274 3695 306 3753 λ,
324 3690 401 3744 rideo
419 3689 576 3761 occupatum
604 3689 752 3756 aReislrio,
780 3691 916 3744 ettamen
943 3707 997 3745 non
1019 3693 1176 3763 neglegitur

187 3784 282 3850 solum,
317 3783 363 3838 sed
391 3784 439 3844 est,
470 3782 517 3850 qui
540 3780 680 3835 inutiliter
706 3783 805 3836 mutari
832 3784 919 3851 putet.
955 3783 1049 3854 Neque
1077 3785 1175 3841 dicitur

189 3875 367 3946 ἐπιμέλεσθαι
390 3880 439 3947 τῆς
465 3872 540 3938 τινὸς
567 3876 701 3943 πονηρίας
730 3890 816 3944 neque
843 3875 871 3929 id
899 3876 1049 3933 Dinarchus
1077 3879 1173 3932 Demo-

188 3968 309 4023 sthenem
335 3984 453 4040 operosae
476 3967 597 4021 futurum
616 3966 690 4029 dicit,
715 3967 761 4021 aed
785 3969 818 4020 ut
842 3967 1062 4025 obliviscerentur
1089 3969 1173 4025 neha-

187 4062 293 4117 nienaee
312 4079 419 4117 enorum
437 4062 574 4118 scelerum.
