2580 4530
196 253 257 314 310
375 283 396 325 J
611 251 671 306 cn.
690 252 743 306 ru.

156 480 182 519 κ.
205 480 234 519 τ.
257 456 285 517 λ.
330 453 459 518 Prorsus
487 452 662 516 cimorum
692 452 724 514 et
749 453 920 517 animorum
955 451 1090 529 habitui,
1123 471 1216 534 quem

154 560 288 625 Pericles
313 558 436 636 laudat,
468 557 621 623 contrarie
641 549 774 637 ὑποψία
797 563 830 630 ἐς
853 551 1035 642 α’λλήλοος,
1057 577 1113 624 nec
1135 558 1216 622 recte

155 660 265 730 dicitur
287 658 420 744 ὑποψία
443 654 512 728 τῶν
534 655 614 727 καθ’
637 656 767 748 ἡμέραν
793 662 1086 748 ἐπιτηδευμάτων.
1132 665 1217 729 Thu-

155 770 279 856 cydides
302 770 459 855 scripsisse
470 768 592 834 videtur
615 777 786 847 ὲίιοψινι
805 770 837 833 in
859 789 894 834 eo
915 771 1014 845 modo,
1039 789 1098 854 quo
1114 789 1220 836 mores

158 883 190 954 et
213 877 315 943 studio
335 878 443 943 mutuo
464 876 544 940 inter
564 876 835 957 nosadspicimus.

253 984 320 1048 Ibd.
347 984 403 1060 44,
426 982 445 1042 2
468 979 511 1059 (in
534 980 641 1045 eadem
667 981 835 1066 orationet:
871 977 1040 1048 Χαλετιόν
1067 986 1132 1067 μὲν
1154 973 1218 1047 οὖν

154 1090 228 1154 οἶδα
257 1090 398 1154 πείθειν
430 1080 488 1162 ὃν,
519 1074 564 1151 ὦν
592 1088 646 1150 not
675 1081 838 1160 πολλάκις
865 1093 953 1164 dieue
981 1082 1217 1174 ὑπομνήματα

155 1202 190 1261 ἐν
212 1193 323 1261 ἄλλων
346 1188 526 1281 εὐτυχίαις,
549 1189 602 1264 αἶς
624 1218 707 1258 ποτε
731 1196 785 1259 καὶ
808 1188 905 1279 αὐτοὶ
929 1188 1150 1280 ἠχαλλεοθε.
1176 1241 1183 1256 .
1210 1242 1216 1254 ·

155 1314 328 1387 καρτερεῖν
364 1301 397 1365 di
423 1295 484 1384 χρή
516 1300 570 1365 καὶ
598 1296 878 1366 citiore-uuidere
912 1303 1021 1367 ἐλπίδι
1061 1327 1091 1365 α.
1124 1328 1154 1367 τ.
1189 1303 1220 1366 λ.

153 1409 319 1486 duamani,
350 1405 475 1470 difficile
504 1423 580 1470 esse⁴
600 1407 785 1488 persuadere
815 1409 996 1486 (πείθειν),
1014 1427 1124 1472 verum
1152 1427 1222 1473 csse

152 1513 300 1579 iudicium
320 1511 457 1594 proxime
479 1512 551 1575 ante
573 1514 760 1594 propositum
782 1514 821 1578 de
847 1516 888 1602 τῇ
913 1509 1060 1600 εὐτυχίᾳ.
1103 1514 1219 1578 Verum

152 1639 251 1702 neque
272 1618 329 1682 hoc
352 1620 419 1681 tam
440 1616 572 1681 breviter
593 1617 653 1682 dici
667 1621 788 1701 poteret
816 1622 938 1699 (saltem
959 1622 1060 1686 τοῦτο
1077 1620 1220 1685 πείθειν

153 1723 333 1810 dicendum„
349 1724 436 1800 erat),
468 1741 567 1804 neque
604 1724 674 1788 huic
706 1727 867 1792 sententiae
902 1729 974 1811 apte
1010 1727 1221 1810 adiunguntur

151 1817 351 1898 illuderet
375 1822 546 1902 πολλάκις,
569 1831 679 1910 cetera,
703 1851 769 1914 quoe
793 1833 952 1916 requirunt
973 1833 1104 1916 aliquid,
1140 1833 1220 1915 quod

154 1937 193 2001 ad
214 1937 398 2005 oblivionem
423 1937 454 2000 et
478 1933 590 2000 doloris
611 1935 774 2001 lenitatem
794 1939 957 2020 pertineat.
991 1939 1120 2004 Prorsus
1142 1939 1220 2003 mihi

153 2042 332 2134 persuadeo,
375 2040 586 2126 Thucydidem
628 2041 801 2123 scripsisse:
840 2038 1009 2115 Χοιλετιόν
1051 2049 1117 2130 μὲν
1159 2036 1223 2110 οὖν

154 2149 228 2215 οἶδα
252 2142 275 2212 οἶ
282 2155 414 2212 nudet
423 2171 443 2210 ν
465 2143 521 2221 ὂν,
545 2134 591 2211 οἷν
615 2149 669 2213 καὶ
696 2140 860 2223 πολλάκις
882 2175 912 2214 ιι.
935 2176 963 2214 τ.
987 2154 1017 2215 λ.
1041 2159 1113 2230 (non
1136 2171 1225 2216 com--

152 2256 268 2320 moveri
290 2253 412 2330 dolore).
467 2252 534 2317 Scio
555 2252 587 2316 id
615 2255 741 2319 verbum
772 2255 851 2338 apud
879 2258 1062 2323 recentiores
1093 2257 1220 2321 demum

151 2361 295 2434 inueniri;
324 2358 378 2423 sed
398 2377 457 2421 non
477 2376 575 2439 pauca
601 2358 793 2443 Thucydides
820 2363 932 2443 posuit,
963 2383 1029 2447 quae
1051 2366 1122 2428 ente
1145 2364 1220 2428 Dio-

152 2467 273 2549 nysium
312 2458 618 2528 Halicarnassensem
659 2467 713 2530 aut
752 2466 881 2532 Dionem
920 2468 1062 2535 Cassium
1105 2470 1220 2534 iterum

152 2572 253 2655 posite
279 2590 339 2635 non
365 2568 567 2650 reperiantur.
626 2571 707 2652 Apte
744 2573 807 2637 iam
837 2572 931 2637 etiam
958 2575 1029 2639 huic
1056 2575 1220 2659 respondet

151 2677 228 2741 illud
251 2665 425 2761 καρτερεῖν
448 2674 482 2738 dt·
504 2671 577 2760 χρή.

251 2783 318 2847 ibd.
350 2781 389 2842 49
411 2779 499 2845 initio
527 2781 771 2867 interpungenda
792 2783 837 2848 sic
863 2785 960 2851 oratio
989 2787 1051 2850 est:
1081 2783 1129 2852 To*
1152 2793 1217 2873 pto

151 2889 215 2976 γαρ
242 2897 326 2963 ἔτος,
353 2882 396 2959 οἷς
419 2880 625 2973 οἶχιολοχελτο
650 2895 684 2954 ἐκ
707 2883 860 2966 τιν’ντων,
881 2884 1028 2975 μάλιστα
1053 2887 1093 2975 δή
1110 2899 1216 2958 ἐκεῖνο

152 2993 280 3061 ἅνοοον
305 3043 311 3058 .
337 3043 344 3055 .
371 3043 379 3058 .
403 2985 586 3080 ἐτύγχανεν
614 2991 665 3061 ὄν.
717 2998 864 3082 Alioquin
895 2999 1069 3082 praepositio
1092 3001 1217 3065 omitte·

151 3108 244 3169 retur.
288 3095 347 3178 Ἐξ
369 3101 474 3166 eodem
497 3102 585 3167 modo
606 3103 727 3186 ponitur
753 3105 778 3183 Ι,
802 3106 851 3183 20,
873 3107 903 3184 3,
925 3106 962 3183 V,
987 3106 1055 3180 104,
1077 3106 1122 3170 VI
1129 3155 1137 3185 ,
1165 3107 1216 3179 36,

151 3213 179 3275 2.
216 3204 290 3290 (Ἐξ
313 3203 476 3274 εἰπόντων
498 3201 806 3295 αἰιφιοβητήσεται,
828 3212 908 3279 Plat.
921 3213 1037 3276 Theaet.
1052 3212 1107 3273 171
1122 3233 1152 3296 p.
1167 3213 1218 3292 B.)

250 3317 318 3380 Ibd.
350 3316 403 3387 52,
437 3314 456 3376 3
486 3316 622 3398 suspicor
657 3316 866 3383 scribendum:
904 3322 937 3388 ἐς
968 3311 1216 3404 α’ναισχύντονς

152 3426 294 3507 τέχνας
317 3415 514 3506 ἐτράποντο.
855 3421 857 3424 ⁴

250 3529 316 3592 Ibd.
346 3528 395 3599 60,
423 3529 443 3587 4
477 3528 671 3592 scribendum
699 3526 833 3590 videtur:
863 3520 924 3591 οὐκ
947 3523 991 3592 oio
1014 3524 1123 3613 ὅμως
1149 3539 1214 3615 (pro

149 3628 289 3717 ὁμοίως)
324 3660 355 3697 τι
398 3634 528 3705 οἰκείως
570 3628 697 3716 φράζοι.
756 3631 898 3695 Alterum
932 3634 1014 3698 enim
1050 3636 1214 3719 significat,

149 3739 304 3803 hominem
326 3739 507 3821 prudentem
541 3737 834 3819 disertumque,sed
855 3737 936 3802 mele
959 3759 1032 3824 erga
1054 3742 1213 3808 civitatem

150 3845 331 3919 animatum,
357 3863 415 3908 non
426 3845 562 3926 perinde,
584 3845 639 3910 sed
659 3845 764 3907 tamen
786 3841 889 3925 aliqua
912 3863 948 3908 ex
970 3849 1057 3928 parte
1079 3849 1212 3930 patriam

148 3950 261 4014 iuvare.
921 4025 923 4029 ¹

248 4056 313 4122 lbd.
337 4055 385 4132 62,
408 4056 634 4122 dscribendum
654 4053 774 4136 opinor:
796 4056 951 4139 χαλεποῖς
965 4058 1078 4141 φέρειν
1101 4050 1210 4144 αὐτῷ
