2580 4530
531 234 615 344 nna
629 288 653 345 1.
915 264 918 269 ’
1033 290 1092 351 107

55 482 134 549 citur
155 483 192 548 in
214 483 269 563 iis,
292 504 361 569 qua
383 485 460 550 olim
480 486 559 572 legit
578 488 787 579 cognovitque,
810 488 864 550 aut
883 486 1004 552 omnino
1027 506 1135 553 rema

55 591 210 673 scriptore
226 588 439 675 significatam
454 594 516 663 antJ
523 593 649 661 verbum
663 594 703 658 ab
723 592 778 658 illo
796 592 930 676 positum
951 592 1134 658 erationisve

55 694 193 761 formam
215 695 353 781 ignorat
395 697 492 763 Velut
509 698 543 762 in
562 699 634 776 illo,
666 718 758 782 quem
778 700 870 791 paulo
892 700 965 763 ante
987 698 1134 763 tractavi-

56 821 144 881 mus,
172 802 320 868 Platonis
348 822 386 868 er
412 803 571 871 lbeateto
597 805 663 871 loeo
697 814 786 876 cum,
804 802 868 866 ubi
883 827 962 870 coo
981 803 1134 907 ¹scripturn

58 909 221 986 metuet,
254 908 446 993 adiectivum
475 911 575 991 neutri
607 909 725 995 generis
757 908 876 990 -requiri
903 909 1133 988 intellexissem,

59 1013 132 1097 ipsa
155 1012 277 1078 littera
301 1033 410 1081 omnes
431 1019 562 1097 serrata
582 1016 735 1094 fecerunt,
757 1016 794 1079 nt
812 1014 915 1096 ipsum
937 1013 1133 1093 adiectivnm,

59 1118 95 1184 de
118 1136 185 1202 qno
209 1120 306 1184 antea
327 1139 378 1186 me
398 1124 556 1205 nunqnam
577 1122 736 1207 cogitasse
750 1121 867 1197 fateor,
889 1120 1058 1185 invenirem
1080 1121 1134 1186 ant

59 1226 164 1309 potins
187 1232 406 1310 agnoscerem
428 1227 457 1292 si
476 1228 582 1310 prima
595 1228 700 1293 littera
721 1228 842 1292 mutata
862 1226 980 1304 fuisset,
1002 1245 1064 1291 non
1084 1227 1133 1292 in-

59 1331 232 1396 venissem.
309 1330 412 1412 Quid,
461 1333 489 1398 si
536 1332 710 1419 Hesychius
750 1332 784 1397 id
826 1351 884 1397 non
933 1334 1133 1398 annotasset?

59 1433 160 1515 Quid,
199 1435 230 1500 si
266 1438 373 1503 subest
386 1472 391 1489 ι
405 1438 518 1503 alicubi
552 1458 664 1505 nomen
698 1438 775 1518 loci,
808 1438 958 1516 bominis,
992 1441 1038 1504 rei
1073 1458 1132 1504 non

59 1541 161 1606 solnm
193 1560 355 1624 nmquam
388 1544 447 1609 tibi
473 1545 603 1626 lectum,
639 1546 695 1612 sed
723 1545 845 1611 omnino
873 1564 1025 1628 nusquam
1052 1545 1133 1627 apud

58 1664 124 1726 eos,
157 1647 216 1730 qui
238 1650 418 1729 supersunt,
447 1651 611 1734 sumptores
630 1653 789 1746 positum?
830 1651 938 1733 ltaque
955 1651 999 1714 ad
1020 1650 1133 1741 menda

59 1771 117 1817 non
150 1757 462 1840 prorsus'vulgaria¹
491 1760 523 1841 ot
555 1758 661 1823 facilia
694 1756 771 1823 varii
797 1757 919 1840 generis
954 1753 1133 1840 comigensis

59 1860 90 1923 et
108 1878 225 1924 rerum
250 1861 284 1925 et
304 1863 453 1928 sermonis
474 1858 603 1930 samntio
631 1882 705 1946 opus
733 1863 781 1927 est
801 1861 906 1943 ampla
932 1861 963 1925 et
990 1863 1133 1926 accurata

59 1968 90 2030 et
107 1966 272 2048 praeterea
299 1969 369 2051 (quo
391 1968 524 2037 mammo
552 1971 649 2036 bonus
679 1969 830 2033 conlector
856 1969 1007 2047 censetur)
1037 1967 1133 2033 libero

59 2071 198 2155 quodam
214 2072 249 2136 et
271 2072 363 2138 celeri
383 2074 499 2140 mentis
519 2077 605 2140 motu
624 2075 657 2140 in
678 2092 780 2139 rerum
802 2074 1023 2156 verborumque
1045 2075 1134 2156 copia

59 2182 144 2244 cena
170 2178 245 2244 acie
265 2177 427 2243 lustranda
448 2180 480 2243 et
501 2178 540 2242 ad
561 2180 731 2244 extremum
751 2180 834 2244 recto
856 2180 1037 2263 subtilique,
1059 2180 1133 2264 quid

62 2285 175 2368 cuique
207 2285 387 2363 conveniat,
423 2284 492 2367 quid
525 2303 587 2348 non
609 2285 795 2363 conveniat,
829 2303 919 2350 sensu
947 2287 1134 2371 iudicioqum

62 2374 327 2474 adiungendanue
347 2391 403 2456 illa
425 2391 535 2469 etiam,
558 2391 595 2457 de
618 2411 677 2475 qua
699 2391 853 2474 superiore
876 2393 975 2475 capite
998 2394 1135 2476 disputa-

62 2499 183 2576 u'mus,
216 2497 292 2578 quid
317 2496 456 2562 accidere
486 2498 621 2581 potuerit
653 2497 861 2581 accidisseque
892 2500 1049 2580 probabile
1083 2501 1134 2579 sit,

62 2602 298 2687 intellegentia3
320 2621 394 2667 nam
417 2606 449 2668 et
472 2603 510 2666 ad
537 2603 754 2669 inveniendam
774 2604 1021 2671 'emendationem
1042 2604 1135 2687 prod-

63 2712 109 2774 est
134 2709 178 2774 de
202 2707 315 2772 erroris
337 2708 455 2793 origine
470 2710 602 2793 cogitare
622 2712 654 2774 et
668 2709 708 2774 ad
728 2694 969 2775 confirmandam
989 2731 1135 2795 magnam

62 2814 160 2880 babet
180 2814 249 2879 vim
271 2814 376 2879 mendi
397 2832 522 2880 causam
544 2816 576 2879 et
595 2835 690 2900 genus
704 2817 902 2898 probabiliter
917 2816 1134 2908 demonstrare.

62 2924 170 3004 Atque
192 2921 254 2984 boc
274 2923 385 2997 totum,
407 2920 488 3004 quod
502 2921 539 2985 ds
558 2921 849 3005 indiciisnotisque,
872 2922 911 2987 ad
934 2942 1008 3006 ques
1031 2941 1135 2986 emen-

63 3026 149 3091 datio
176 3025 340 3109 dirigenda
362 3026 413 3104 sit,
434 3026 642 3105 inveniendis,
677 3027 890 3109 componendis
912 3028 1133 3111 sequendisque

62 3131 205 3197 breviter
233 3130 381 3211 diximus,
409 3134 498 3215 quale
528 3134 585 3211 sit,
614 3152 688 3217 age,
716 3133 765 3197 hio
790 3133 896 3216 paucis
919 3152 955 3197 ex
976 3131 1134 3210 utriusque

61 3238 180 3323 lingum
197 3236 403 3318 scriptoribus
423 3239 568 3322 exemplis
589 3240 774 3314 declaratum
797 3259 870 3305 nam
886 3240 917 3303 et
931 3258 967 3303 ex
981 3235 1134 3317 superiore

61 3344 169 3426 eapite
191 3342 350 3424 permulta
370 3342 430 3406 huc
457 3345 617 3410 transferri
637 3347 765 3428 possunt
796 3347 827 3410 et
840 3344 988 3427 plurima
1008 3360 1063 3423 per
1083 3360 1134 3406 re-

60 3450 165 3533 liquos
187 3447 287 3512 libros
309 3451 501 3532 spargentur.
533 3450 625 3532 Apud
645 3450 851 3515 Platonem-r.
874 3469 902 3531 p.
925 3447 955 3510 X
976 3465 1005 3526 p.
1028 3445 1134 3510 608A

62 3553 214 3619 Socrates
237 3570 271 3616 se
293 3555 326 3618 et
340 3547 527 3620 Glauconem
548 3556 594 3620 ait
608 3556 760 3638 poeticam
782 3573 869 3620 suam
892 3570 1017 3616 causam
1039 3569 1134 3634 agen-

61 3664 127 3725 tem
152 3658 304 3724 benevole
328 3658 451 3739 quidem
473 3660 639 3755 audituros,
662 3661 716 3726 sed
737 3663 841 3725 tamen
856 3660 945 3737 caute
965 3658 998 3719 et
1018 3656 1054 3719 nt
1075 3655 1133 3720 sibi

62 3768 100 3831 ad
122 3765 296 3830 arcendam
321 3763 461 3829 standan
482 3785 605 3830 carmen
627 3766 783 3830 eminant:
806 3772 864 3834 ἕως
887 3756 916 3826 d’
939 3755 984 3825 dv
1004 3756 1054 3845 μή
1078 3769 1134 3827 οἵα

62 3866 90 3936 τ’
104 3863 129 3960 ᾗ
145 3863 453 3954 α’πολογήσασθαι,
476 3864 708 3956 οἷκροασόμεθ’
724 3864 829 3952 αὐτῆς
846 3860 1032 3952 ἐπᾴδοντες
1047 3862 1134 3953 ἡμῖν

63 3972 184 4051 αὐτοῖς
207 3977 335 4041 τοῦτον
356 3972 418 4040 τόν
440 3971 557 4062 λόγον,
584 3962 623 4043 δι’)
643 3981 819 4062 ἐλέγομεν,
843 3979 897 4041 καὶ
920 3971 1134 4060 1ιναύτηντὴν

63 4079 222 4172 ἐπῳδήν,
253 4073 506 4166 εὐλαβούμενοι
534 4077 638 4148 πάλιν
665 4089 827 4166 ἐμπεσεῖν
854 4088 904 4156 εἰς
930 4078 991 4148 τόν
1016 4081 1134 4147 comda-
1231 4102 1237 4111 ’
1276 4138 1278 4145 .

64 4186 124 4256 κόν
145 4217 184 4256 re
218 4188 276 4253 καὶ
305 4182 369 4252 τόν
389 4187 457 4253 τῶν
480 4191 750 4272 melioribusve·
782 4183 984 4275 αἰσθόμεθα
1008 4183 1037 4255 δ’
1060 4179 1108 4255 013⁴
