2580 4530
606 277 666 334 nro.
686 279 709 333 u
1107 282 1146 345 59

105 480 164 556 est,
203 477 367 543 desidera
390 476 464 542 illos
490 476 562 543 torti
582 477 636 542 illo
663 477 786 558 animo,
812 498 910 562 xquern
938 479 998 562 ipsi
1026 486 1194 565 gessemnt

106 585 286 666 (ipsorum
314 583 478 662 animo),
507 600 591 666 reque
614 582 745 674 fortiter.
786 583 919 664 ¹(Consul.
950 584 990 650 ad
1009 585 1114 673 Bolyb.
1138 587 1189 666 14,

108 691 137 753 l:
160 707 308 774 magno
342 688 508 755 fratrem
538 687 775 755 desideravit
804 691 952 769 animo.)
995 691 1098 774 Atque
1122 692 1190 761 haec
1261 675 1264 682 ⁸

110 794 229 877 quidem
259 813 329 859 nnn
366 794 576 872 coniectura,
593 794 648 860 sed
673 795 859 878 optimorum
872 796 1023 862 codicum
1051 800 1188 863 omnium

113 902 154 979 rB,
168 902 209 979 G,
221 902 265 978 A,
280 901 443 994 Bopgars.
460 899 541 983 apud
561 899 751 974 Fickertum)
772 900 922 983 scriptura
946 903 1009 978 cst;
1032 905 1064 969 et
1085 905 1191 968 tamen

114 1007 216 1085 editur,
240 1007 331 1090 qnod
352 1007 389 1071 in
405 1005 607 1073 deterioribus
619 1006 876 1087 accommodando
898 1008 938 1072 ad
960 1007 1052 1074 illos
1073 1011 1193 1073 tactum

116 1118 169 1178 est:
199 1113 385 1195 ipsorum
406 1111 501 1190 illos
523 1111 667 1176 animos
689 1110 892 1190 desidera,
908 1115 995 1179 nulla
1016 1114 1191 1189 sententiae

116 1238 205 1302 mque
228 1217 332 1295 enim,
355 1217 432 1300 quid
454 1217 686 1292 desiderandum
708 1217 764 1293 sit,
785 1217 842 1282 sod
863 1219 1025 1300 quomodo,
1048 1219 1192 1303 agitur¹).

117 1322 358 1389 Substantivnm
382 1322 624 1406 praecedentibus
647 1323 849 1388 substantivis
877 1343 937 1389 non
963 1327 1046 1389 recte
1067 1343 1191 1398 accom-

117 1429 276 1494 modatum
311 1430 377 1506 ost,
417 1429 564 1509 tanquam
598 1427 779 1511 simpliciter
811 1429 855 1495 eis
891 1431 1066 1512 copulatum
1098 1433 1192 1506 esset,

117 1535 191 1618 apud
214 1534 376 1599 Senecam
399 1533 488 1616 epist
514 1531 572 1610 90,
591 1535 658 1610 -ass,
690 1535 743 1616 qui
763 1534 942 1617 scripserat:
973 1535 1004 1599 N
1010 1555 1055 1601 on
1088 1555 1194 1601 arma

116 1660 176 1705 nec
196 1657 336 1705 muros
358 1656 429 1702 nec
450 1638 554 1702 bello
574 1639 689 1705 utilia
711 1639 869 1705 molitur
889 1642 1078 1722 (sapientia);
1106 1642 1191 1723 paci

117 1747 218 1811 lavet
253 1747 294 1811 at
324 1763 448 1828 genus
479 1744 682 1808 humanum
715 1744 760 1809 ad
794 1746 1036 1815 concordiam
1070 1749 1201 1812 vocat·

118 1853 246 1936 Propter
270 1870 377 1917 arma
397 1853 432 1915 ct
451 1867 578 1915 muros
605 1851 718 1933 scripto
742 1851 836 1915 etiam
858 1853 977 1928 bella,
1004 1856 1037 1919 et
1057 1852 1193 1935 alioquin

118 1959 264 2023 orationis
285 1958 401 2022 dorma
431 1955 555 2020 turbata
584 1957 632 2021 est
662 1961 714 2033 (—
735 1974 808 2020 nam
837 1976 927 2021 suum
956 1960 1085 2023 verbum
1107 1959 1194 2042 prior

119 2084 184 2146 pars
206 2062 388 2128 necessario
416 2060 528 2125 habere
555 2061 647 2127 debet
668 2069 721 2141 -)
744 2063 775 2127 et
803 2081 945 2144 perverse
972 2064 1004 2129 iu
1032 2064 1089 2128 bac
1116 2064 1191 2129 belli

119 2186 147 2235 et
165 2170 255 2254 pacis
281 2166 511 2249 comparatione
536 2166 651 2233 nudum
672 2167 751 2232 illud
772 2168 886 2233 utilia
907 2169 1075 2252 interponit
1115 2218 1122 2233 .
1145 2210 1148 2215 ,

216 2276 300 2340 Haec
325 2274 400 2339 sunt
422 2273 564 2356 quinque,
584 2274 619 2352 ut
637 2273 709 2351 dixi,
730 2293 854 2341 summa
868 2294 981 2359 genera
1002 2294 1116 2350 eorum,
1133 2274 1193 2357 ¹qui

121 2380 239 2465 proprie
279 2379 435 2446 scribendi
472 2398 588 2443 errores
621 2379 769 2463 appellari
793 2382 941 2461 possunt,
975 2401 1010 2445 ex
1039 2380 1134 2445 oculis
1163 2383 1195 2444 et

121 2489 220 2554 animo
267 2487 378 2572 seribae
418 2504 479 2550 non
518 2486 598 2550 satis·
636 2486 755 2550 attente
797 2486 953 2568 proposita
989 2486 1121 2569 legentis
1162 2486 1200 2548 et

122 2595 283 2669 memoria,
317 2592 393 2656 dum
420 2591 537 2668 scribit,
576 2591 725 2656 servantis
757 2591 935 2671 pendentes,
972 2591 1024 2674 qui
1058 2592 1193 2673 primum

123 2717 213 2779 quam
235 2697 326 2762 varie
351 2697 433 2761 inter
456 2717 488 2762 se
513 2697 731 2779 complicentur
760 2699 792 2760 et
815 2698 1049 2782 coniungantur,
1081 2698 1131 2762 vix
1159 2699 1199 2763 ut-

121 2803 274 2887 distingni
294 2803 425 2886 possint,
448 2802 481 2865 in
503 2803 568 2866 tam
590 2802 696 2866 multis
719 2821 755 2865 en
775 2800 813 2867 iis
836 2803 1017 2887 scriptorum
1036 2803 1194 2886 exemplis,

144 3149 169 3211 ¹)
188 3151 283 3221 Prope
313 3149 474 3203 incredibile
503 3152 544 3202 est
572 3148 601 3202 in
629 3147 749 3201 eiusdem
776 3147 863 3201 libelli
889 3164 909 3201 c.
936 3152 967 3213 2,
1000 3152 1034 3205 10
1063 3148 1194 3202 Haasium

189 3243 373 3308 (Fickertnm
401 3242 473 3296 enim
504 3241 580 3295 nullo
609 3257 716 3310 prorsus
744 3241 803 3294 loco
832 3252 954 3304 numero)
987 3239 1194 3308 descriptionem

189 3336 323 3389 mentia
341 3336 493 3398 ineerta,
517 3350 612 3402 qnam
631 3350 706 3404 spes
724 3333 890 3387 inchoata
909 3332 1035 3386 babent
1053 3345 1192 3398 suspen-

190 3445 277 3492 sam,
307 3427 496 3495 deplorata
519 3427 668 3492 tristem,
699 3429 728 3481 in
753 3444 806 3496 qua
827 3426 966 3495 aptissime
988 3424 1068 3476 verba
1086 3422 1193 3491 propria

190 3521 268 3574 inter
291 3536 320 3574 se
339 3519 492 3573 referuntur
516 3523 605 3588 (spes
629 3520 797 3573 inchoata
821 3523 848 3573 et
872 3516 1072 3586 deplorata,
1101 3531 1193 3568 mens

190 3628 363 3680 suspensa
387 3614 415 3665 et
432 3610 575 3682 tristis),
595 3612 744 3683 corrupisse
763 3606 896 3667 codicibus
915 3610 1059 3678 parentem,
1085 3607 1114 3661 in
1132 3607 1193 3676 qni·

188 3705 244 3758 bns
265 3703 455 3773 deplorata
473 3705 544 3758 inter
561 3705 628 3760 dnos
651 3705 814 3759 accusativos
837 3699 1029 3757 adiectivornm
1048 3698 1193 3768 singularis

188 3798 302 3850 numeri
314 3796 512 3869 ,interpositum
529 3797 558 3851 in
583 3796 693 3851 eandem
716 3797 830 3851 formam
854 3790 971 3845 transiit.
1018 3789 1089 3855 Quid
1106 3791 1194 3845 voluit

189 3905 251 3943 ease
272 3888 399 3943 habere
416 3892 530 3954 (tenere)
549 3893 691 3943 mentem
711 3883 935 3959 deploratam?
969 3882 1036 3952 Spes
1055 3883 1193 3938 inchoatas

189 3981 331 4052 quomodo
350 3982 458 4035 tristem
476 3981 573 4036 habere
598 3984 717 4058 mentem
739 3977 863 4050 putavit?
899 3977 1043 4031 Rationem
1061 3977 1195 4048 captivam

188 4077 241 4131 nub
262 4077 363 4145 iugum
382 4073 502 4128 ecdicum
520 4075 605 4131 misit.
