2580 4530
540 271 600 328 Lib.
617 271 656 326 11.·
1033 272 1093 335 249

152 463 300 560 χρηστόν
322 497 354 536 τι
375 461 541 555 βούλευμ’
564 473 612 541 εἰς
633 473 740 552 μέσον
761 474 874 555 φέρειν
898 478 998 559 ἔχωνς

154 580 211 645 ναί
234 570 339 644 ταῦθ’
363 569 532 666 ὄ-χρῄζων
554 567 711 659 λαμπρός
735 570 820 653 ἐσθ’,
844 572 862 644 ὁ
883 573 933 664 με)
959 580 1068 644 θέλων

155 685 249 772 σιχᾷ·
282 683 317 749 τί
337 676 467 751 τούτων
489 675 555 750 e't'ra'
577 682 748 766 ἰσαίτερον
770 678 888 762 πόλεις

170 791 307 857 Pravum
328 810 357 857 v.
379 790 442 854 440
463 790 581 867 ταῦτα,
603 789 684 874 quod
699 807 757 854 non
772 790 876 869 habet,
901 809 958 874 qno
977 790 1136 856 referatur.

72 897 294 964 Scribonium:
488 904 494 912 '
617 983 620 989 Ι

156 993 363 1069 κοίντοῐὺθ’
384 994 403 1066 o‘
424 992 552 1090 χρῄζων
574 995 732 1087 λαμπρός
754 995 841 1077 ἐσθ’,
865 995 884 1066 o‘
904 996 956 1086 ,αὴ
979 1003 1090 1066 θέλων

156 1134 247 1195 σειν

74 1216 189 1289 idest,
213 1215 305 1297 atque
332 1212 383 1277 hio
410 1219 494 1288 (cum
522 1213 581 1279 hoc
608 1233 639 1298 a¹
654 1232 792 1296 praecone
814 1213 1044 1296 pronuntiatum
1068 1214 1137 1290 est).

74 1322 109 1387 In
138 1322 235 1386 altero
262 1320 401 1385 membro
428 1321 511 1385 rocta
537 1319 728 1404 Hartungius
750 1320 933 1403 particulam
955 1317 1139 1385 desideravit

74 1427 256 1512 scripsitque
286 1445 345 1491 non
373 1421 662 1509 improbabilitcro‘
693 1419 723 1491 ui
750 1419 792 1492 ού
819 1428 931 1495 θέλων
960 1426 1052 1512 (synt.
1085 1425 1137 1491 Gr.

74 1534 90 1617 ξ
113 1534 199 1611 207),
221 1532 280 1597 nisi
301 1532 361 1597 fuit
382 1526 400 1597 ὁ
423 1523 512 1598 δἀῶ
534 1532 646 1597 θέλων
665 1534 669 1612 Ι
690 1533 774 1620 σιχᾷ,
797 1534 832 1597 ut
854 1535 966 1599 θέλων
989 1531 1139 1596 referatur

75 1640 114 1704 ad
136 1637 305 1704 silentium.

174 1744 242 1810 Ibd.
265 1744 325 1807 528
348 1764 428 1828 sqq.:

226 1854 257 1916 εἰ
277 1844 341 1936 χείρ
363 1875 395 1914 τι
420 1852 473 1915 καί
497 1841 692 1914 πεπόνθατ’
713 1843 880 1935 Ἀργείων
900 1845 983 1925 ὕπο,

225 1956 408 2021 τεθνᾶσιν·
432 1947 616 2040 ἠμύνασθε
639 1955 967 2039 anteponerentur,

226 2062 369 2148 αἰσχρῶς
390 2054 419 2127 δ’
442 2062 594 2137 ἐκείνοις,
618 2056 659 2147 χὴ
685 2062 760 2147 δίκη
783 2061 954 2148 διοίχεται.

176 2168 257 2249 Quia
290 2167 464 2251 significent
496 2170 589 2233 verba
621 2169 764 2254 αἰσχρῶς
797 2160 825 2234 θ’
861 2169 1011 2246 ἐκείνοις,
1051 2186 1139 2232 nemo

73 2276 197 2351 dixerit3
241 2292 314 2338 nam
360 2273 387 2339 si
423 2275 490 2358 quis
507 2278 510 2285 '
528 2275 572 2340 sic
611 2293 752 2340 enarrare
797 2275 941 2353 conetur,
983 2274 1137 2339 Thebanis

73 2382 187 2465 gloriae.
216 2380 340 2464 Argivis
372 2379 511 2445 dedecori
539 2380 632 2446 fuisse
661 2400 812 2465 pugnam,
842 2380 974 2446 debebat
1004 2380 1138 2462 primum

74 2486 148 2550 dici:
172 2480 258 2569 ὑμῖν
279 2490 343 2569 μὲν
366 2488 483 2562 καλῶς,
515 2486 624 2551 deinde
647 2487 699 2570 qui
726 2486 797 2551 hinc
824 2485 1020 2569 consequitur
1046 2484 1137 2550 iliud:

74 2585 115 2675 χὴ
139 2591 217 2675 δίκη
239 2591 418 2677 θιοίχεταιθ
450 2594 588 2675 Apparet
601 2593 645 2657 sic
665 2592 722 2657 hoc
745 2593 885 2678 αἰσχρῶς
908 2584 936 2658 δ’
958 2599 1009 2657 tu·
1034 2590 1139 2657 referri

75 2698 224 2779 superiori
246 2697 442 2780 πολεμίους,
464 2699 499 2762 ut
520 2699 570 2762 hic
591 2717 707 2782 quoquc
730 2698 1001 2764 accusativusessc
1014 2698 1138 2771 debeat;

75 2803 130 2866 sed
165 2805 271 2868 tamen
301 2804 451 2875 ἐκείνους
486 2822 545 2868 non
587 2804 704 2868 sufficit
738 2803 897 2868 sententiae
934 2802 1139 2886 consequenti,

76 2910 108 2973 et
137 2910 341 2991 praetereant
368 2912 524 2994 πολέμιοι
553 2912 624 2976 sunt
650 2911 744 2974 iidem
767 2914 895 2974 ἐκεῖνοι,
940 2908 1139 2975 scribendum

76 3017 123 3078 est
153 3014 272 3096 optima
294 3018 453 3098 sententia,
476 2994 644 3082 mutatione
666 3016 807 3080 minima:

230 3123 372 3207 αἰσχρῶς
396 3122 433 3187 oe
458 3118 649 3206 νεκροτίς,
672 3116 713 3208 χή
737 3120 812 3206 δίνη
836 3121 1006 3205 διοίχεται,

76 3224 107 3288 id
137 3228 198 3290 est:
230 3228 336 3292 contra
365 3212 467 3293 hostes
500 3228 629 3312 gloriose
661 3229 830 3310 pugnastis,
865 3229 972 3290 contra
1007 3227 1140 3288 mortuos

77 3331 252 3408 (cadavera)
271 3333 401 3417 turpiter
422 3335 598 3418 (pugnatis),
619 3333 759 3415 peritque
782 3333 826 3397 sic
845 3331 1007 3409 iustitia1)

178 3437 214 3500 V.
238 3438 299 3502 653
320 3439 449 3505 fortasse
460 3439 653 3505 scribendum
666 3440 753 3524 pota
777 3437 851 3522 τρία
868 3437 969 3522 τριῶν
991 3434 1142 3517 συστρ-

76 3536 224 3625 μιίτων
248 3546 326 3621 (cod.
348 3545 383 3609 Ιι.
408 3538 742 3629 σσστρατεσμιίτων);
764 3545 819 3610 sed
842 3563 891 3608 res
914 3543 1039 3607 incelta.

105 3799 129 3863 ¹)
148 3799 181 3850 V.
201 3800 253 3854 593
277 3799 334 3867 ipse
353 3799 526 3860 conieceram,
550 3795 620 3865 quod
648 3794 743 3849 deindo
770 3793 825 3848 vidi
844 3793 872 3846 in
891 3791 946 3847 cod.
967 3789 1044 3842 Laut.
1064 3805 1144 3857 supra

149 3891 280 3959 scriptum
299 3905 354 3943 csse
373 3893 400 3942 at
418 3906 433 3942 a
452 3889 605 3961 Musgravio
631 3887 772 3957 probatum
797 3884 891 3947 καινὸς
917 3883 945 3936 ἐν
969 3885 1055 3955 καινῷ
1081 3883 1143 3948 δορί

150 3999 199 4053 pro
224 3980 329 4044 κλεινὸς
354 3980 383 4035 ἐν
401 3986 504 4053 nicaeni.
546 3979 662 4034 veritati
690 3977 834 4048 perspicua
858 3992 950 4031 nocere
978 3993 1031 4031 non
1055 3976 1143 4039 debet,

150 4074 223 4145 qnod
240 4091 256 4127 a
273 4074 371 4128 codicis
390 4076 533 4128 correctore
551 4073 691 4126 intellecta
708 4074 757 4126 cst.
