2580 4530
188 267 250 329 204
623 269 682 325 alh.
702 270 740 326 11.

19 489 22 493 ·
145 468 318 534 Dindmfius
351 469 515 533 Franzium
550 467 671 538 secutus
703 467 800 533 edidit
832 471 948 557 Στειχε
981 472 1036 537 καὶ
1076 465 1121 537 οὐ
1154 475 1208 556 χοί

145 578 307 659 γέροντες.
359 573 420 639 Sed
441 572 581 659 AEgiethe
608 591 675 657 quae
703 572 832 641 dicenda
859 580 961 656 erant
997 577 1207 660 superioribus

145 680 283 746 versibus
307 679 450 746 absoluta
471 681 558 754 eunt;
579 677 627 743 hae
646 678 739 744 minae
761 681 826 746 et
818 701 902 749 lusae
922 683 1000 749 nihil
1023 684 1146 749 omnino
1169 683 1209 749 ad

146 805 216 851 eum
242 785 405 869 pertinent.
458 785 566 870 Itaque
587 784 782 851 scribendum
807 789 927 871 petius.
958 789 1105 876 Στείχετ’
1128 787 1208 875 ἥδη

146 898 213 976 χοί
234 896 442 979 γέροντεςκ.
466 913 496 955 τ.
520 890 550 954 l

247 997 419 1084 dhaepher.
442 996 514 1075 (172
531 995 598 1063 vid
619 1014 650 1078 p
663 995 736 1076 191)
760 996 821 1060 690
843 1002 966 1067 hamata
987 1003 1114 1068 nuntius
1135 1002 1209 1068 euh-

147 1108 281 1183 ornatm‚
301 1104 356 1187 hui
377 1103 444 1186 ipse
465 1101 661 1167 Oresteat
613 1103 671 1178 eet,
693 1086 947 1185 Clytaemestrae,
971 1126 1063 1190 quam
1086 1108 1211 1192 ignorat

53 1239 57 1251 ¹
147 1212 271 1287 seilicet,
250 1207 411 1275 tOreetie
431 1208 540 1283 morte,
561 1207 626 1272 haee
645 1207 751 1273 addit:

707 1317 738 1377 εἰ
760 1313 795 1378 δὲ
817 1309 970 1401 τυγχάνω

280 1433 350 1493 τοῖς
372 1417 514 1505 κυρίοισι
537 1419 593 1484 καὶ
615 1411 848 1505 προσήκουσιν
870 1423 1007 1509 dimas
1073 1489 1079 1506 k

281 1521 342 1594 οὐκ
367 1523 455 1602 οἶδα,
478 1521 539 1590 τόν
562 1521 705 1592 τεκόντα
729 1519 758 1592 δ’
781 1520 872 1601 εἰκός
893 1528 1027 1595 εἰδέναι.

247 1633 465 1698 inanissimum
497 1633 529 1697 et
561 1650 653 1697 sensu
684 1651 807 1698 caesum
838 1633 913 1713 hee,
948 1637 1068 1718 patrem
1090 1635 1209 1701 Orestis

149 1743 226 1806 seire
250 1730 422 1806 debere-
445 1738 538 1823 quid?
565 1757 640 1820 num
661 1739 788 1805 nuntius
813 1739 860 1815 ei,
890 1741 929 1806 ad
952 1760 1043 1825 quem
1066 1759 1117 1806 res
1139 1760 1210 1824 per-

148 1847 261 1924 lineat,
295 1845 481 1923 narraven't
513 1845 572 1910 hee
600 1845 663 1919 est,
696 1864 771 1909 num
798 1845 880 1927 patri
901 1848 1082 1915 narraverit.
1137 1850 1209 1931 lpse

149 1952 284 2029 nuntiae
307 1969 379 2030 ees,
406 1951 515 2036 quibas
542 1969 592 2017 res
619 1950 771 2016 narranda
800 1953 880 2031 erat,
925 1952 1069 2037 ignorans
1105 1957 1210 2038 sperat

151 2058 418 2142 Clytaemnestram
457 2058 536 2122 seire
574 2058 605 2121 et
637 2057 695 2121 eibi
732 2056 868 2123 indicare
909 2076 1012 2141 posse,
1042 2042 1125 2145 'quie
1164 2063 1207 2128 eit

150 2163 267 2228 Orestis
293 2164 391 2246 pater,
413 2165 449 2228 ut
470 2163 509 2227 ad
530 2180 601 2227 eum
623 2162 730 2236 adeat;
762 2164 895 2243 (patrem
915 2163 1036 2244 pridem
1061 2166 1210 2232 interiec-

149 2271 308 2333 tum-esse
328 2266 455 2332 nuntiae
477 2266 597 2332 scilieet
616 2266 770 2351 ignorat3)
792 2266 914 2350 eeaipsit
923 2268 1018 2354 igitur
1029 2271 1209 2357 AEeehylue:

151 2368 211 2436 οὐκ
239 2373 336 2448 οἶδα,
366 2368 433 2439 ’τόν
461 2365 602 2437 τεκόντα
628 2366 658 2438 d'
680 2366 770 2444 eluda
801 2367 830 2438 ω’
863 2374 1037 2442 εἰδέναι.
1091 2378 1212 2443 Littera

149 2479 196 2544 bis
219 2479 379 2544 scribenda
400 2480 497 2544 semel
518 2477 633 2559 scripta
654 2479 710 2542 est.
1058 2559 1065 2573 ἱ

249 2585 316 2650 Ibd.
340 2586 398 2646 737
417 2585 520 2650 nutrix
542 2584 810 2668 Olytaemnestram
835 2589 939 2652 haheat
954 2587 1133 2672 AEgistham
1155 2590 1210 2654 ad-

151 2692 251 2757 vocari
271 2691 408 2769 iussisse,
430 2692 465 2756 ut
485 2693 551 2774 ipse
573 2675 611 2755 de
626 2692 724 2754 morte
743 2689 861 2756 Orestis
887 2694 923 2756 ex'
943 2692 1073 2759 advena·
1085 2697 1209 2775 audiat;

151 2797 275 2874 deinde,
325 2797 559 2888 Clytaemnestaa
594 2795 849 2878 quemadmodum
877 2799 1019 2863 nantium
1048 2806 1208 2885 acceperit,

152 2905 198 2969 his
220 2904 319 2981 verbis
342 2903 432 2967 dicit:

575 3020 578 3032 “
674 3004 759 3092 πρὸς
780 3012 846 3091 μὲν
867 3013 998 3083 οἰκέτας
1067 3072 1069 3078 .

288 3123 366 3209 imp
391 3116 604 3198 οκοθρωπων
627 3109 722 3189 ἐντος
745 3107 911 3200 ὀμμάτων
934 3120 1052 3203 γέλων,

287 3214 446 3288 κεύθοοο’
468 3215 521 3286 ἐπ’
542 3229 652 3307 ἔργοις
675 3222 988 3311 διαπεπραγμένοις
1010 3226 1118 3300 καλῶς

287 3354 390 3415 κεινῃ
414 3323 533 3453 δόμοιίς
550 3328 589 3394 δὲ
611 3330 720 3402 vpasch
743 3327 925 3417 παγκάκως
947 3339 1010 3435 ἔχει

287 3429 404 3520 φνμκς
425 3428 481 3519 ὑφ’
502 3422 544 3520 ἧς
564 3430 729 3520 ἤγγειλαν
750 3439 781 3500 οἱ
804 3440 891 3512 ξένοι
913 3441 1026 3522 τορῶς

153 3540 194 3606 Et
218 3543 422 3607 τιθεοθωι
407 3564 502 3614 εντος
523 3563 688 3625 ομμωτων
709 3543 814 3626 γέλων
829 3543 933 3628 inepte
955 3544 1104 3610 dicituro
1088 3547 1212 3628 lat-pra

153 3647 278 3713 vissime
299 3649 434 3715 adhaeret
419 3649 520 3715 tsine
541 3646 659 3714 obiecto
677 3640 861 3727 κεύθοντα.
896 3650 1042 3732 Apparet,
1065 3650 1211 3734 Olytaem-

153 3756 289 3817 nestram
309 3755 452 3823 laetitiam
481 3755 513 3821 et
539 3755 636 3821 rieum
664 3755 851 3834 occultatam
882 3756 1091 3841 coniungenda
1116 3757 1212 3842 igitur

154 3860 225 3924 eant
256 3862 361 3945 γέλων
388 3855 577 3931 κεύθοντα.
636 3861 705 3926 Hae
733 3865 853 3944 reperte
880 3862 1024 3945 quaeritar
1057 3864 1211 3928 obiectum

155 3967 240 4032 verbi
265 3971 359 4035 θέτο.
401 3972 439 4041 ld
458 3970 543 4037 ἰωοοῐ
564 3969 598 4035 in
618 3962 797 4052 ὀμμάτων,
819 3986 856 4033 ex
876 3986 936 4052 quo
956 3967 992 4032 fia
1014 3963 1125 4050 ὄμμα,
1148 3960 1211 4032 τόν

154 4076 260 4160 γέλων
290 4067 477 4147 nodam
528 4078 594 4146 Iam
625 4075 744 4159 reliqua
771 4075 937 4160 sequantur
968 4073 1129 4152 facillime3
1168 4075 1212 4139 eia
