2580 4530
210 254 271 317 528
636 253 699 310 nih.
715 252 763 311 IV.

267 454 336 519 Ibd.
359 454 399 516 96
429 454 471 530 (3,
495 455 541 530 1);
579 446 667 535 πρός
693 476 730 518 τε
754 447 817 527 τδς
838 454 906 518 τῶν
926 446 1019 540 ζῴου
1043 454 1099 518 καί
1123 455 1232 538 φυτῶν

169 553 348 633 συστάσεις
380 560 435 626 καί
469 561 538 625 ecio
570 557 681 625 ἄλλον
712 552 955 641 η’μιουοταλεῑς
986 559 1057 625 τῶν
1088 555 1158 626 eiad
1190 562 1230 647 τῷ

168 660 239 751 dep
263 669 318 733 unt
342 673 379 731 ἐν
400 659 492 750 αὐτῷ
515 665 639 751 ἐκείνῳ.
675 665 734 729 Pro
748 684 831 743 voce,
854 686 946 749 quam
968 671 1147 750 corruptam
1169 687 1231 734 esse

167 773 367 849 consentitur,
399 771 605 850 scribendum,
627 791 689 836 una
709 771 815 837 littero
836 774 973 850 σακκία,
996 766 1232 856 ἦμισαοτιί-

169 904 267 952 οεις.
317 877 436 944 Novam
457 895 564 944 vocem
586 876 793 958 componendo
815 877 925 944 Strabo
949 877 1055 956 finxit,
1089 881 1126 944 nt
1144 881 1233 964 signi-

168 986 282 1063 ficaret,
305 983 378 1049 solis
400 983 608 1049 animantibus
631 983 662 1046 et
684 982 830 1064 stirpibus
852 982 1050 1048 tribuendam
1075 1004 1145 1051 esse
1165 1004 1233 1068 pro·

166 1093 232 1176 prio
255 1085 426 1157 οτίστασιυ.

267 1197 335 1261 Ibd.
350 1195 442 1279 paulo
463 1194 535 1277 post
556 1193 768 1258 scribendum:
791 1200 885 1278 ζητεῖ
905 1189 970 1280 γοίρ
994 1190 1017 1279 ἡ
1039 1198 1233 1285 γεωγραφίυ

168 1305 215 1393 τῇ
242 1305 358 1386 ἑτέρα
389 1305 454 1384 (pro
476 1301 537 1382 τῆς
559 1300 684 1385 ἑτέρας)
713 1302 783 1366 τών
813 1294 986 1386 εὐκράτου
1008 1297 1174 1388 α’ῳορίσαι
1197 1299 1232 1370 oo*

168 1402 374 1492 οἰκούμενον
398 1400 456 1490 ὑφ’
477 1399 577 1490 ἡμῶν
601 1407 733 1491 τμῆμα.
765 1408 836 1472 Non
856 1410 1017 1490 separatur
1032 1429 1103 1492 pars
1119 1411 1234 1477 anobis

167 1516 308 1580 habitata
329 1515 368 1579 ab
390 1513 487 1578 altera
509 1531 583 1576 zona
605 1515 778 1597 temperato
806 1515 886 1597 (ipsa
908 1515 991 1580 enim
1014 1517 1098 1593 est),
1125 1517 1182 1582 sed
1202 1534 1235 1583 ea

166 1610 355 1686 terminatur
387 1621 418 1683 et
450 1619 631 1683 continetur.
685 1619 767 1697 (Vid.
794 1640 824 1703 p.
848 1621 886 1683 67
909 1640 940 1685 n.
969 1621 1002 1685 et
1033 1622 1074 1686 ad
1095 1623 1233 1708 Thucyd

168 1726 208 1801 11,
231 1727 295 1806 83.)
1000 1772 1003 1777 .

268 1833 334 1896 Ibd.
351 1831 390 1892 97
417 1833 460 1905 (3,
485 1831 518 1910 2)
534 1828 745 1894 scribendum:
769 1831 874 1916 δῆλον
895 1826 975 1918 γαρ,
996 1827 1065 1905 ὅτι,
1088 1836 1129 1899 εἰ
1148 1833 1235 1900 διαι-

169 1952 276 2024 ρεῖται
311 1933 396 2002 κατοί
431 1933 561 2020 ταύτην
593 1931 659 2021 τηκ
692 1933 806 2023 τομηυ
839 1939 894 2004 καί
920 1932 944 2023 ἦ
974 1937 1235 2025 διακεκαυμένη,

169 2059 262 2110 τιοιεῑ
281 2069 359 2108 τινα
382 2038 651 2127 ἐπιτηδειότητα.
696 2045 732 2108 In
755 2044 842 2109 codd.
869 2046 901 2109 ed
923 2044 992 2110 edd.
1015 2045 1106 2110 deest
1128 2050 1170 2113 εἰ.

269 2151 335 2215 Ibd.
360 2150 419 2213 105
442 2154 483 2228 (4,
506 2151 555 2222 3):
590 2151 645 2215 uei
678 2157 715 2216 ἐυ
748 2151 838 2235 δεξιᾷ
871 2154 920 2224 εἰς
951 2144 1017 2236 την
1043 2144 1235 2240 Ἰαπυγίαν.

173 2257 374 2322 Manifestum
396 2257 445 2321 est
466 2255 625 2338 (qnoniam
646 2257 697 2322 hic
717 2257 749 2322 in
769 2257 925 2323 metiendo
948 2256 1020 2322 sinn
1039 2257 1204 2326 Adriatico
1224 2278 1240 2325 a

171 2363 299 2427 meridie
332 2361 536 2443 proceditur),
574 2361 667 2427 scribi
698 2363 839 2429 debuisse
880 2370 917 2428 eo
948 2357 1119 2450 α’ριοτερᾷ.
1184 2365 1241 2432 Sed

173 2489 280 2534 omnes
302 2469 349 2531 hae
371 2486 462 2532 voces
483 2487 626 2549 perverse
648 2468 893 2553 interponuntur,
916 2489 989 2535 oum
1008 2472 1078 2535 tota
1096 2490 1240 2537 mensura

174 2575 305 2639 alterum
328 2573 495 2651 (Graecum)
518 2573 592 2638 litus
621 2578 776 2658 sequatur.
828 2574 1044 2640 Unde-tomen
1074 2577 1150 2641 ortae
1172 2578 1240 2654 sint,

172 2681 281 2744 haereo.

273 2784 341 2849 Ibd.
361 2785 420 2845 106
443 2788 484 2862 (4,
506 2786 560 2858 3):
585 2778 654 2850 οίτιδ
678 2782 712 2852 δὲ
734 2787 795 2870 της
815 2779 955 2858 Ῥοδίας
977 2789 1026 2858 εἰς
1047 2784 1242 2867 Βυζάντιοι

175 2941 181 2954 .
206 2937 213 2951 .
238 2892 345 2971 ..περὶ
369 2893 674 2978 πεντακισχιλίους,
698 2887 742 2965 τίς
764 2884 928 2976 εἰρήκασι,
952 2893 1122 2966 σταδίους.
1158 2894 1242 2961 Nihil

175 3000 231 3074 est,
254 2997 335 3061 undo
359 2999 492 3080 pendeat
514 2999 718 3065 aecusativus.
773 2999 990 3065 Scribendum:
1027 3024 1242 3087 πεντακισχι-

176 3104 268 3176 λίους
292 3103 444 3187 είρηκασι
468 3109 636 3179 σταδίους.
680 3102 750 3180 Ὡς
771 3127 807 3171 ex
833 3131 892 3178 ους
914 3109 1026 3183 ortum,
1049 3108 1138 3171 cuius
1163 3127 1243 3173 erro·

175 3210 217 3275 ris
240 3211 358 3293 aliquot
382 3213 521 3294 exempla
541 3232 635 3294 supra
658 3214 773 3280 notavi.
827 3212 923 3278 Panlo
946 3213 1026 3294 post,
1049 3213 1103 3277 ubi
1126 3214 1241 3278 editur:

176 3310 218 3382 οὐ
239 3313 303 3400 poio
328 3310 583 3400 παραπλήσιον,
606 3313 691 3385 α’λλοί
713 3317 803 3387 πολι)
826 3312 1077 3402 δυομικαίτερου
1100 3318 1190 3385 εἶναι
1205 3315 1242 3384 ad

176 3423 303 3508 δίαρμα
328 3425 441 3501 τουτο,
464 3425 634 3490 tollendum
659 3423 745 3488 εἶναι
761 3425 816 3488 aui
829 3426 861 3489 in
877 3424 947 3490 ἐστί
962 3424 1157 3492 mutandum.
1195 3426 1244 3491 Ab

175 3531 242 3611 ipso
264 3529 415 3594 Strabone
437 3532 494 3596 hoe
515 3533 659 3597 obiicitur
681 3530 788 3594 alienae
810 3532 971 3595 sententiae
993 3530 1189 3614 praeeedenti.

278 3637 339 3709 (De
361 3657 392 3719 p.
416 3637 486 3712 110,
518 3658 542 3703 ο.
567 3640 595 3715 5,
619 3638 648 3713 1,
677 3657 706 3719 p.
735 3638 803 3713 117,
831 3655 857 3700 c.
881 3638 909 3712 5,
936 3637 981 3711 10,
1009 3656 1039 3718 p.
1064 3638 1135 3715 121,
1166 3658 1193 3702 o.
1216 3639 1245 3713 5,

180 3741 217 3800 17
241 3740 359 3805 dietum
383 3745 431 3806 cst
453 3763 546 3826 supra
566 3764 596 3826 p.
621 3745 670 3817 27,
692 3762 722 3825 p.
743 3742 793 3820 37,
815 3762 844 3824 p.
868 3743 931 3820 71.)

278 3846 347 3912 Ibd.
371 3848 431 3908 114
453 3850 495 3927 (5,
519 3852 567 3926 7);
606 3851 659 3914 καί
688 3860 831 3932 περατοῖ
859 3842 900 3913 τα
927 3843 1135 3930 προσάρκτια
1158 3852 1245 3936 με’ρη
