2580 4530
152 247 213 311 366
575 242 636 299 Lib.
656 242 709 299 111.

112 443 239 508 Philebo
262 463 292 525 p.
310 443 351 506 48
376 443 406 508 A
427 436 546 516 πότοις
569 460 623 525 pro
646 439 802 521 nidore),
833 438 975 521 quedam
1007 438 1104 504 etiam
1133 439 1169 503 ad

41 533 44 541 ¹
108 549 327 634 grammaticos
337 551 508 632 propagata
519 548 569 632 (ut
579 548 657 613 illud
667 548 698 613 in
710 545 827 613 Phileh.
835 565 866 628 p.
874 545 950 609 301)
962 539 1170 633 γενούσεης),

107 654 173 719 clia
193 654 256 718 iam
278 654 395 719 deflexa
423 654 544 738 longius
572 655 605 719 et
632 651 844 738 interpolando
872 670 991 736 quoque
1012 652 1172 717 obscurata

106 759 199 838 (illud
222 760 356 845 quidem,
381 761 461 844 quod
474 779 575 844 supra
591 780 622 843 p.
637 760 676 822 78
700 759 810 843 attigi,
830 758 862 822 in
873 756 1008 841 Euthyd.
1018 778 1051 841 p.
1064 758 1125 822 293
1136 757 1172 834 D,

111 867 230 946 valde),
260 885 315 931 nec
336 885 405 932 raro
428 867 466 932 ah
487 866 660 932 hominibus
681 866 721 932 ad
745 864 931 932 sententiam
952 865 1009 928 aut
1030 865 1173 931 orationis

110 973 241 1038 formam
275 974 306 1040 ct
337 972 502 1039 artificium
534 991 643 1055 pamm
672 958 799 1038 attentis
829 969 978 1037 vocabula
1005 971 1174 1052 explicandi

111 1097 204 1145 causa
232 1078 352 1153 addita,
390 1078 546 1143 interdum
575 1097 698 1161 prorsus
729 1079 834 1143 contra
859 1075 1046 1142 sententiam
1078 1078 1174 1162 (cuius

105 1185 233 1271 generis
256 1185 396 1268 exempla
417 1203 452 1248 ex
474 1201 533 1247 uno
554 1183 715 1262 Phaedone,
738 1183 792 1266 qui
813 1181 877 1247 cod.
889 1179 1056 1249 Oxoniensi
1077 1182 1175 1250 conti·

111 1293 210 1367 netur,
237 1290 324 1374 posui
344 1310 375 1373 p.
387 1289 437 1368 83,
465 1308 481 1353 e
502 1289 589 1354 libris
613 1289 651 1355 de
672 1308 749 1372 rep,
771 1307 845 1373 quos
865 1286 1049 1354 Parisiensis
1072 1289 1174 1366 habet,

115 1398 173 1463 duo
197 1418 229 1480 p,
250 1397 304 1474 62,
346 1395 405 1459 duo
433 1393 494 1459 alia
517 1414 548 1478 p.
568 1394 627 1470 84,
641 1448 645 1463 ,
660 1396 769 1479 quihus
802 1394 912 1461 adiicio
943 1395 996 1478 εἴη
1030 1392 1065 1457 in
1084 1393 1176 1467 ‚lihro

111 1505 178 1587 Ip.
204 1502 264 1564 337
290 1501 331 1580 ll,
365 1500 446 1584 quod
475 1500 646 1566 rectissime
672 1501 815 1567 Bremius
843 1502 876 1565 et
897 1501 1005 1566 Aetius
1034 1498 1175 1564 additum

111 1608 300 1683 iudicarunt,
333 1626 402 1672 curn
426 1626 487 1672 non
509 1606 740 1690 intellegeretur
761 1602 995 1693 ἀπειρημένον
1024 1606 1176 1688 imperso-

113 1716 223 1780 naliter
247 1734 301 1798 pro
328 1713 445 1779 duobus
466 1713 616 1797 genetiuis
635 1714 769 1797 pesitum
800 1733 876 1780 esse.
922 1713 995 1778 Alia
1023 1712 1056 1777 et
1086 1712 1175 1777 huius

113 1825 144 1887 et
159 1823 331 1896 ceterorum
342 1838 489 1904 generum
503 1819 582 1884 infra
593 1819 767 1904 colligam),
787 1822 890 1887 Exhis
902 1818 1023 1887 mendis
1047 1838 1116 1902 quae
1137 1818 1176 1884 ab

113 1927 182 1993 aliis
205 1947 264 1993 non
287 1927 499 1992 animadversa
522 1928 576 1991 aut
602 1945 663 1992 non
690 1928 774 1993 recte
801 1927 936 1992 tractata
962 1926 1069 1992 videor
1101 1926 1177 1992 mihi

113 2036 198 2098 certa
211 2035 265 2098 aut
276 2035 387 2099 saltem
397 2027 548 2116 probabili
559 2034 733 2098 coniectura
744 2033 918 2112 correxisse,
940 2033 1004 2096 iam
1015 2050 1174 2114 exponam,

113 2140 250 2206 ordinem
273 2139 462 2223 dialogorum
484 2157 555 2204 eum
575 2140 695 2217 tenens,
718 2157 809 2222 quem
831 2140 1037 2204 Hermannus·
1050 2140 1175 2204 secutus

115 2248 171 2310 est.
180 2247 203 2324 ¹)
254 2245 384 2327 liotore,
417 2245 526 2326 quibus
548 2262 636 2326 opem
659 2228 739 2309 ferre
759 2262 925 2329 nequeam,
952 2263 1062 2327 parum
1083 2244 1178 2309 habet

114 2351 268 2427 utilitatis,
301 2352 386 2416 velut
409 2351 515 2416 statim
544 2351 575 2414 in
596 2351 815 2434 Enthyphrone
836 2372 866 2434 p.
888 2354 908 2412 4
930 2352 960 2414 A
992 2345 1076 2437 (ὅπῃ
1101 2341 1176 2415 noc'

116 2454 240 2541 ὀρθῶς,
254 2464 332 2543 ἔχει)
361 2456 474 2521 excidit
503 2456 587 2520 verbi
614 2455 785 2522 infinitivus
805 2475 875 2522 eam
901 2474 967 2521 rem
990 2454 1176 2539 significans,

115 2583 181 2646 quoe
204 2564 303 2646 qualis
326 2565 368 2628 sit
389 2565 442 2627 aut
466 2561 615 2645 quomodo
633 2564 714 2627 recte
728 2563 958 2641 fiat,·Socrates
971 2562 1066 2645 negat
1087 2563 1177 2646 vulgo

115 2660 264 2754 intellegi,
290 2670 540 2753 Euthyphronem
568 2668 675 2732 acerbe
700 2667 845 2747 irridens,
873 2669 937 2751 qui,
964 2687 1035 2732 cum
1057 2670 1178 2750 patrem

116 2778 254 2854 accuset,
276 2775 307 2840 id
329 2795 363 2840 se
384 2774 564 2857 intellegere
586 2774 706 2838 scilicet
732 2775 888 2851 ostendat;
924 2793 995 2838 nam
1021 2791 1122 2858 neque
1144 2793 1179 2839 ex

116 2881 325 2963 superioribus
348 2880 447 2945 audiri
468 2882 571 2964 potest
585 2881 669 2945 verbi
684 2889 749 2966 ε”χει
770 2883 943 2947 subiectum
965 2898 1073 2962 neque,
1098 2880 1179 2963 quod

116 2988 262 3069 sequitur,
285 2981 400 3072 ὀρθῶς
422 2979 505 3052 cici
529 2987 662 3072 πρᾶξαι,
686 3008 744 3072 quo
768 2989 927 3064 referatur,
949 2987 1051 3052 hahet.
1096 2986 1179 3052 Fieri

117 3095 211 3159 etiam
233 3097 345 3176 potest,
374 3096 409 3160 ut
428 3096 460 3158 in
481 3095 582 3159 locum
605 3095 686 3160 vocis
708 3096 837 3159 extrusae
859 3093 938 3178 (sive
957 3110 995 3155 ea
1016 3084 1178 3177 εὐσεβεῖν

116 3201 179 3265 sive
200 3200 262 3266 alia
282 3202 352 3278 fuit)
378 3202 560 3267 successerit
588 3202 648 3266 huc
675 3221 710 3265 ex
737 3202 873 3284 proximo
897 3219 987 3266 versu
1008 3199 1179 3264 retractum

116 3302 241 3390 ὀρθῶς.
289 3308 350 3375 Sed
372 3308 411 3372 ad
433 3327 469 3372 ea
489 3311 711 3383 convertamur,
732 3308 764 3371 in
787 3307 895 3389 quibus
919 3307 1038 3372 efficere
1063 3305 1180 3389 aliquid

116 3414 275 3479 videamur
296 3433 393 3498 posse.

147 3701 168 3769 ¹)
189 3701 310 3755 Adhibui
329 3701 357 3753 in
376 3697 500 3752 omnibus
519 3695 634 3763 dialogis
652 3695 814 3753 Bellienum,
842 3695 1049 3751 Stallbaumium
1067 3686 1107 3759 lin
1126 3712 1180 3749 uno

187 3796 214 3846 et
232 3792 317 3846 altero
336 3809 389 3846 non
411 3790 583 3845 novissimam
602 3788 774 3856 editionem),
799 3788 997 3854 Hermannnm,
1020 3790 1048 3843 in
1068 3788 1180 3858 quibus-

186 3884 247 3938 dam
266 3886 341 3939 alios.
371 3888 404 3939 ln
417 3881 596 3938 Stallbaumio
614 3880 719 3934 utinam
737 3880 908 3950 diligentiam
926 3885 954 3934 et
976 3881 1181 3936 consuetudinis

186 3979 330 4032 Platonica
348 3978 528 4049 cognitionem
551 3973 644 4028 indicii
668 3974 807 4028 subtilitas
826 3977 962 4043 aequasset.
1010 3975 1182 4029 Hermannus

188 4070 285 4125 vellem
296 4074 381 4126 rectos
393 4071 471 4125 duces
483 4069 563 4138 paulo
574 4067 710 4121 interdurn
722 4066 845 4122 liberiore
858 4067 957 4122 indicio
976 4070 1082 4121 secutus
1101 4070 1181 4122 esset.
