2580 4530
576 284 635 339 ern.
653 284 707 341 111.
1068 286 1128 351 377

113 484 289 550 Necessario
314 484 484 549 tollendum
507 483 719 565 subpositum
746 485 833 550 initio
861 478 1003 567 epodosis
1025 489 1057 552 in
1084 507 1172 573 aper·

112 591 229 656 tissima
270 593 302 656 et
336 590 566 674 simplicissima
606 589 750 654 oratione.
807 591 947 656 Proxime
987 595 1059 659 ante
1095 596 1172 661 seri·

112 697 242 761 bendum
268 696 407 762 videtur:
456 698 530 763 Τοῦ
557 696 593 763 δέ
624 702 683 761 τοι1
705 704 801 761 ἕνεκα
829 692 957 763 ταῦτα’
981 724 1032 766 οοι
1067 703 1172 790 (vulgo

111 797 193 870 αὐτά
227 810 295 883 σοι)
325 803 586 889 dromedarium„
619 803 689 882 (hac
731 802 890 887 diligentia
923 807 1036 883 utorl).
1089 807 1169 873 Tum

109 912 243 994 proxime
275 911 363 994 pout:
395 912 474 982 ἴοως
506 911 541 976 dl
573 910 710 994 βέλτιον
742 913 777 972 οὲ
800 911 909 994 λέγειν
937 904 1070 978 οιοόὀν
1103 921 1169 996 (pro

109 1010 210 1101 αὐτοὶ)
247 1008 524 1101 οἷποκρινόμενον
557 1018 691 1099 μᾶλλον
723 1011 746 1101 ἤ
776 1020 834 1100 ἐμὲ
860 1009 946 1100 ὑπὲρ
979 1021 1042 1085 uod
1062 1024 1170 1087 πολυ-

109 1136 334 1211 πραγμονοῖν.

160 1246 167 1259 ·
204 1229 273 1295 lbd.
294 1248 325 1313 p.
349 1228 471 1293 1911l:
501 1222 546 1294 ‘O
574 1229 693 1295 τοίνυν
721 1224 949 1314 ἐπιστάμενος
974 1235 1040 1316 μὲν
1068 1226 1169 1308 αὐτοὶ,

108 1336 244 1403 σκοπῶν
272 1335 309 1402 δέ
332 1360 365 1401 τι
393 1323 440 1399 oio
461 1329 568 1420 όρᾷἢ
599 1328 729 1402 α’κούοι.
781 1337 954 1404 Pronomen
976 1331 1076 1405 ἀὐτά
1109 1359 1169 1405 non

106 1446 207 1521 babet,
230 1461 290 1527 quo
314 1441 479 1519 reseratum
512 1443 723 1519 scribendum,
759 1443 838 1527 quod
871 1446 1063 1527 apertissimo
1096 1466 1169 1512 sen-

105 1551 203 1615 tentia
225 1548 356 1635 flagitat,
378 1544 527 1627 datast)

204 1654 273 1721 Ibd.
284 1676 315 1738 p.
330 1656 389 1719 195
401 1656 444 1721 D:
466 1657 581 1742 λέγεις,
605 1652 657 1723 ὅτι
670 1648 717 1722 αὖ
735 1653 1012 1742 οόνᾶνθρωπο9,
1037 1655 1079 1726 ὂν
1094 1662 1168 1727 δια-

107 1756 288 1847 νοούμεθα
329 1755 458 1847 μόνον,
501 1758 635 1849 ὁρῶμεν
680 1756 709 1829 δ’
757 1760 815 1839 οὔ,
866 1770 976 1829 ἵππον
1018 1758 1081 1832 οὐκ
1124 1764 1169 1831 ἅν

106 1897 185 1936 ποτε
210 1870 419 1954 οἰηθείημεν
452 1869 548 1935 εἶναι.
596 1870 751 1937 Particula
782 1862 828 1936 αὖ
863 1871 940 1935 nihil
970 1871 1030 1935 loci
1060 1871 1169 1949 habeb

106 1980 190 2042 scrib.
219 1975 240 2039 ἅ
252 2003 279 2041 ν.

202 2084 444 2165 Ibd.p.198D:
471 2071 516 2147 οἷν
539 2077 645 2148 πάλαι
669 2086 853 2169 ἐπιστῆμαι
878 2074 1075 2170 ἧοονάύτῴ
1097 2112 1167 2168 μα-

106 2186 203 2255 θόντι
241 2192 295 2255 καὶ
328 2184 496 2274 ἠπίστατο
520 2185 620 2256 αὐτά.
664 2192 821 2256 Pulticula
854 2194 909 2256 uui
935 2209 994 2255 non
1016 2193 1168 2274 reperitur

106 2300 159 2362 nisi
181 2300 215 2362 in
242 2298 402 2380 perpaucis
430 2299 462 2361 et
487 2299 659 2363 recentibus
686 2298 854 2376 codicibus,
887 2301 979 2383 atque
1005 2297 1164 2364 ineomm

105 2423 221 2487 quoque
251 2404 388 2486 pluribus
424 2422 443 2466 a
476 2403 607 2467 secunda
627 2420 730 2467 manu.
775 2399 973 2466 Scribendum
1005 2407 1067 2467 est:
1091 2409 1167 2467 ἐπι-

107 2513 229 2594 στῆμαι
254 2500 343 2593 ἦσαν
365 2501 455 2593 αὐτῷ
477 2503 600 2592 μαθοῖ
609 2535 627 2573 ν
654 2536 696 2573 τε
720 2501 889 2592 ἠπίστατο
912 2502 1010 2574 (curu.

202 2615 270 2680 lbd.
294 2635 323 2697 p.
345 2617 402 2676 201
434 2616 475 2680 C:
513 2610 586 2682 Οὐκ
610 2612 671 2689 οἷν,
694 2620 727 2681 εἴ
745 2642 783 2701 γε
806 2610 934 2681 ταύτόν
960 2606 1005 2701 ἦν
1028 2608 1104 2692 δόξα
1129 2642 1165 2681 τε

106 2716 240 2807 ἀληθής
267 2725 321 2785 καὶ
356 2717 551 2806 δικαστήρια
588 2724 640 2786 καὶ
676 2720 864 2808 ἐπιστήμη,
898 2717 989 2807 o'puol
1018 2717 1094 2788 ποτ’
1120 2717 1166 2789 ἄν

107 2828 264 2914 δικαστής
304 2825 406 2910 ἄκρος
444 2823 595 2909 ἐδόξαζεν
638 2828 722 2896 ἄνευ
763 2825 960 2916 ἐπιστήμης.
1015 2829 1164 2909 Quoniam

106 2938 288 3002 substantivi
310 2937 498 3001 nominativo
521 2938 744 3022 (δικαστήρια)
766 2937 842 2999 nihil
864 2938 988 3001 omnino
1020 2939 1069 3001 est
1093 2937 1165 3014 loci,

107 3060 169 3107 eam
194 3062 302 3108 vocem
324 3062 447 3126 prorsus
469 3044 597 3119 tollunt;
628 3063 733 3106 verum
756 3061 824 3105 eam
847 3060 935 3105 nemo
964 3046 1030 3106 tam
1061 3044 1165 3107 fatuus

106 3149 261 3214 additurus
294 3150 369 3226 erat,
402 3167 457 3212 nee
485 3169 521 3213 ex
551 3152 624 3214 nota
650 3148 812 3233 marginali
845 3149 911 3210 orta
943 3165 1011 3211 asso
1047 3148 1159 3229 potest

106 3252 301 3318 Scribendum
331 3255 584 3339 δικαστηρίω
633 3255 734 3319 Finxit
765 3255 820 3318 hoe
855 3253 1039 3317 adiectivum
1062 3253 1164 3328 Plato,

130 3555 151 3622 ¹)
169 3557 199 3610 P.
219 3557 308 3612 1900
328 3557 433 3615 (ἐατέον
452 3556 482 3612 δὲ
501 3558 547 3610 καὶ
567 3559 609 3611 σοὶ
628 3579 651 3611 κ.
671 3578 694 3611 τ.
717 3561 755 3621 λ.)
778 3572 811 3608 ne
829 3554 894 3624 qnid
911 3553 1013 3608 frustra
1031 3554 1159 3618 tentetur,

171 3649 249 3703 verba
263 3651 361 3704 rectius
374 3650 520 3704 enarranda
532 3654 604 3711 eunt,
625 3666 703 3718 quarn
722 3666 738 3702 a
759 3648 938 3702 Stallbaumio
955 3646 1001 3711 fit;
1019 3646 1070 3700 hoo
1087 3646 1159 3700 enim

170 3742 291 3797 Socrates
312 3732 386 3805 dicit,
405 3759 500 3796 nomen
519 3742 664 3796 alterius
691 3741 896 3811 relinquendum
921 3755 978 3795 csso
998 3740 1026 3794 in
1045 3739 1160 3811 singulis

171 3834 248 3888 rebus
266 3839 293 3889 et
311 3834 344 3888 de
358 3837 393 3889 iis
411 3835 632 3904 intellegendum,
658 3851 717 3904 qnae
735 3836 807 3888 inter
825 3850 852 3886 se
870 3833 974 3886 diuersa
1000 3834 1070 3895 sint3
1096 3849 1158 3886 narn

169 3928 248 3982 verbo
274 3928 382 3997 quidem
410 3929 544 3983 diversum
572 3931 600 3982 et
626 3928 761 3983 diversum
794 3926 864 3979 idem
897 3941 967 3990 essm
998 3927 1158 3980 abstractam

168 4020 266 4075 diversi
286 4022 422 4075 notionem
441 4023 701 4093 appellationumque
719 4036 799 4075 unum
817 4035 882 4074 esse.
