2580 4530
600 276 662 334 ms,
679 277 703 334 1.
819 229 830 241 ’
1103 278 1139 341 sr

108 473 265 557 Scriptum
273 473 382 539 merae
394 470 689 561 συμπτωμάτων
699 482 818 564 ἔχοντα
831 467 880 540 soi
890 480 953 550 ξιν
965 475 1085 540 αἰτιῶν
1094 477 1183 565 λαμ-

107 575 205 662 βάνει
232 573 355 659 δόξαν,
381 581 490 646 ¹vorbis
513 584 651 648 accurate
670 584 752 649 inter
772 600 805 646 se
828 580 1090 664 respondentibus.
1138 582 1184 646 llx

110 698 230 773 ἔχοντα
254 683 365 765 τάξιν,
403 674 637 771 semelscripto
663 714 716 766 aa,
754 687 869 751 fectum
895 687 1093 772 estiomenus
1117 710 1181 752 oto.

110 795 206 860 siuml
230 786 508 878 συμπτωμάτων
536 795 800 860 accommodatum
835 795 883 858 est
908 791 948 857 ed
981 785 1108 872 πολλά,
1148 812 1184 859 eo

110 900 235 984 qudem
258 900 393 976 facilius,
414 899 443 965 si
465 900 545 965 alter
566 919 646 965 error
659 901 752 984 <prins
773 898 935 963 acciderat.
983 899 1075 981 Apud
1096 899 1202 964 Cice.

110 1026 218 1073 ronem
240 1026 298 1090 pro
320 1006 452 1070 Murena
475 1005 515 1068 73
537 1006 633 1071 sicin
657 1006 811 1072 codicibus
833 994 981 1087 scriplum
1003 1009 1082 1084 est,
1099 1008 1184 1071 nulla

111 1113 281 1179 sententia:
315 1112 402 1176 Haeo
429 1110 555 1176 omnia
586 1113 835 1190 sectatorum,
869 1112 1181 1194 spectaculorum,

112 1219 364 1302 prandiorum
389 1215 485 1281 item
515 1217 673 1300 crimina
700 1217 994 1283 amultitudine
1021 1219 1058 1282 in
1080 1219 1182 1283 tuam

111 1325 278 1389 nimiam'
310 1321 586 1490 diligeffitiam,
620 1321 744 1401 Serri,
789 1317 961 1388 coniecta
1000 1326 1104 1399 sunt;
1147 1325 1183 1389 iu

111 1430 252 1513 quibus
275 1432 407 1494 tamen
470 1446 587 1493 urens
614 1431 769 1495 senatus
796 1426 1028 1494 auctoritate
1057 1428 1185 1495 defen-

112 1535 227 1600 ditur.
277 1533 380 1616 Ipsius
392 1531 630 1616 ServiiSulpioii
651 1535 781 1601 nimiam
802 1535 996 1620 diligentiam
1008 1535 1047 1601 in
1056 1535 1184 1602 minutis

110 1648 138 1705 et
148 1640 273 1705 nullius
286 1639 439 1703 momenti
454 1638 633 1705 criminibus
649 1641 827 1726 colligendis
844 1641 1021 1724 significari,
1040 1642 1184 1707 Halmius

110 1745 268 1812 intellexit
288 1744 481 1827 ¹scripsitque
513 1746 612 1811 recte:
652 1747 769 1812 nimia
802 1747 1028 1831 diligentia,
1068 1746 1183 1825 Servi,

110 1853 295 1918 conlecta
316 1850 418 1927 sunt;
451 1849 506 1914 sed
533 1870 625 1932 prave
652 1853 685 1916 et
705 1851 857 1916 violenter
877 1851 943 1934 (illo
963 1870 1074 1935 genere
1096 1853 1184 1917 dam-

111 1958 215 2035 nandi,
228 1957 270 2022 de
283 1975 343 2040 quo
354 1956 446 2038 paulo
458 1957 527 2038 post
538 1957 650 2041 dicam)
662 1957 880 2023 delevitvorba
894 1976 913 2021 a
934 1957 1183 2028 multitudine

109 2065 153 2137 iu,
175 2063 293 2128 relicto
318 2064 398 2139 tua,
421 2081 480 2127 nec
500 2064 615 2128 rectam
636 2064 822 2129 sententiam
844 2063 960 2138 offecit3
992 2063 1183 2146 displicuisse

111 2170 192 2233 enim
222 2168 343 2252 populo
371 2172 403 2234 et
430 2167 534 2233 Servio
561 2170 702 2236 nocuisse
726 2167 856 2234 nimiam
883 2169 962 2233 hano
990 2169 1183 2253 diligentiam

111 2274 217 2339 Cicero
242 2273 338 2350 dixit;
370 2275 493 2356 scripsit
514 2276 633 2340 autem:
661 2275 747 2341 Haec
770 2323 777 2337 .
801 2325 808 2340 .
832 2324 840 2341 .
864 2263 1025 2354 crimina
1053 2275 1184 2339 multi-

110 2380 249 2445 tudine
282 2381 413 2444 inuita
442 2380 561 2444 nimia
590 2380 813 2465 diligentia,
847 2380 976 2458 Serri,
1007 2380 1183 2445 conlecta

117 2488 210 2551 sunt.
264 2487 375 2568 Itaque
400 2486 431 2549 in
452 2485 501 2550 his
523 2485 624 2552 verbis
645 2487 711 2551 haeo
732 2487 924 2552 acciderunt:
956 2486 1182 2570 ageminatum

110 2596 152 2656 est
181 2593 373 2669 (crimina
401 2611 420 2655 a
450 2593 585 2671 mult),
621 2594 803 2658 distractum
830 2593 959 2657 inuita
986 2596 1017 2657 et
1044 2611 1079 2656 ex
1100 2593 1182 2657 uita

109 2699 225 2764 iactum
250 2700 332 2772 tua;
367 2717 404 2761 ex
426 2697 623 2776 conlecta,
646 2699 659 2764 l
679 2699 816 2771 breviore
832 2698 953 2780 scripto,
976 2701 1183 2764 natumoon-

110 2805 231 2881 iecta;
257 2807 338 2881 tum,
361 2806 396 2867 ut
417 2802 556 2881 videtur,
584 2806 708 2897 propter
730 2803 909 2869 coniecta
930 2805 966 2868 in
988 2804 1127 2868 additum
1148 2823 1180 2869 ιιι

119 2912 156 2973 in
180 2920 291 2974 tuam
308 2909 475 2974 nimiam
499 2909 779 2995 diligentiam),
791 2910 1050 2993 etsihocproprio
1062 2929 1181 2993 quoque

107 3036 207 3080 errore
231 3016 324 3080 nasci
339 3035 379 3096 po
395 3015 452 3079 uit.
498 3014 616 3079 Deinde
626 3015 703 3079 illud
727 3034 844 3098 quoque
862 3016 895 3079 in
907 3017 1111 3097 superioribus
1131 3033 1181 3078 ex*

106 3124 220 3205 emplis
243 3121 411 3203 permultis
436 3121 590 3202 apparuit,
622 3121 682 3204 ipsi
702 3122 801 3204 primo
824 3123 916 3186 errori
938 3122 1102 3187 accessisse
1123 3119 1181 3182 ali-

106 3248 199 3310 quem
224 3226 405 3309 corrigendi
427 3228 583 3306 conatum,
611 3227 718 3292 rudem
740 3228 918 3310 plerumque
941 3229 973 3291 et
998 3224 1179 3307 simplicem,

106 3334 204 3416 quisi
227 3352 294 3398 non
318 3331 511 3408 accessisset,
532 3352 586 3415 pro
609 3333 709 3398 verbis
720 3333 831 3401 litterae
846 3334 1002 3400 dissolutas
1018 3330 1179 3393 restarent.

105 3441 147 3505 Ea
171 3442 241 3505 iam
264 3438 464 3521 interpolatio
487 3440 543 3503 est.

190 3545 258 3612 Sed
280 3547 449 3626 antequam
474 3544 512 3606 ad
534 3564 613 3624 eam,
636 3565 703 3628 quae
724 3564 795 3609 vere
816 3541 1009 3624 interpolatio
1031 3539 1179 3620 appellari

105 3655 208 3730 «lebet,
228 3652 386 3728 venimus,
408 3650 623 3733 attingendum
635 3653 692 3729 est,
714 3651 792 3734 quod
810 3651 928 3715 sertum
946 3646 977 3708 et
987 3638 1178 3724 postremum

106 3779 199 3843 snpra
227 3757 393 3841 posuimus
421 3757 576 3821 scribendi
598 3776 731 3822 erromm
754 3775 860 3840 genus,
882 3771 942 3816 non
965 3769 1000 3813 ex
1023 3750 1179 3815 oculorum

106 3874 134 3930 st
162 3865 328 3929 memoriae
350 3864 383 3926 in
405 3862 536 3945 singulis
558 3864 670 3928 litteris
693 3864 724 3927 et
745 3861 869 3947 syllabis
891 3857 1012 3921 fallacia
1036 3875 1178 3934 nascens,

108 3973 160 4036 sed
184 3992 223 4036 ex
247 3969 375 4047 iudicio,
399 3989 418 4033 a
440 3969 582 4032 mutandi
602 3972 707 4034 tamen
728 3952 896 4042 voluntate,
916 3964 972 4028 hoe
996 3965 1053 4041 est,
1075 3962 1113 4027 ab
1129 3961 1177 4026 in-

108 4078 317 4161 terpolatione
350 4076 538 4141 seiunctum.
584 4075 622 4139 ld
649 4072 775 4153 accidit,
808 4066 886 4135 oum¹
910 4069 1025 4148 scriba,
1058 4088 1124 4152 quse
1145 4069 1177 4132 in
