2580 4530
537 253 597 309 nit.
615 252 668 311 111.
1025 254 1087 319 429

62 455 149 522 Nam
169 455 255 540 quod
278 452 474 540 glossematis
501 453 623 519 nomine
644 452 758 532 utitur,
786 471 843 518 nea
865 453 976 536 quibus
995 474 1053 522 neo
1071 475 1132 541 quo

62 561 194 627 oonsilio
220 560 434 646 significatura
460 560 526 625 haee
550 559 706 642 adscripta
731 561 834 643 putet,
866 563 992 627 sonatur
1018 563 1130 631 disere.

61 667 189 733 Nomen
211 663 688 749 Socrates-imponendum'dioit
707 683 765 730 neo
784 665 817 731 iai
844 685 965 733 morose
993 669 1129 754 deligen-

61 773 160 867 ἅσσα
204 772 384 838 Assentitur
403 771 544 837 (ἔλασσα.
564 793 571 805 ·
595 768 830 836 Saribandumz·
864 765 919 839 Ου’
953 768 1018 859 γσὶρ
1052 767 1129 852 οὖν,

61 889 146 966 ἔφη·
174 871 248 944 ἀλλ’
269 873 289 944 ὃ
310 871 354 944 ἂν
375 872 486 961 μόνον
507 875 604 960 δηλοῑ
624 871 711 958 πρός
733 881 801 952 ἕξιν
824 880 1007 966 σαφηνείᾳ,
1036 875 1128 969 λέγ’,

61 990 99 1051 εἰ
124 992 162 1050 ἐν
189 987 300 1072 ψαχῄι
334 984 391 1051 sed
417 984 497 1067 quod
528 982 620 1047 modo
645 983 781 1049 deelaret
808 983 858 1048 ad·
875 1003 942 1051 rem
962 975 1129 1055 tenendam

60 1096 138 1172 <um
172 1090 233 1156 dio
264 1089 388 1156 Saone
412 1087 697 1168 festauhalten)
729 1090 963 1172 perspiouitsta,
1002 1092 1066 1172 dio,
1101 1096 1129 1160 si

58 1200 144 1265 intro
165 1195 305 1260 animum
324 1194 382 1261 tibi
402 1196 550 1261 senaar.
573 1193 679 1272 (Codri.
694 1195 767 1261 boni
787 1198 885 1283 λέγει,
907 1216 999 1282 supra
1014 1199 1128 1283 scripto

58 1309 93 1372 in
115 1306 145 1370 A
168 1329 209 1383 ις,
231 1304 264 1368 in
285 1300 395 1366 soteris
416 1299 517 1366 verbis
538 1299 615 1364 nihil
636 1300 781 1380 variant.)

164 1411 225 1489 (De
244 1430 275 1494 p.
298 1407 361 1471 534
382 1406 411 1470 Α·
435 1405 553 1471 dietum
574 1406 614 1471 ad
636 1406 794 1490 Aristoph.
816 1406 865 1476 στ’.
889 1409 968 1472 1128
989 1409 1128 1492 nito.)

162 1516 231 1584 lbd.
252 1534 281 1599 p.
304 1511 364 1575 539
386 1511 430 1575 A:
478 1505 617 1580 Οὐκοῦν
646 1521 703 1580 ἵνα
729 1510 780 1599 μή
807 1517 965 1602 γίγνηται
992 1508 1129 1590 δέλτος

59 1611 163 1696 οὗτος
184 1621 264 1704 πιρλ
287 1610 368 1692 τούς
390 1611 652 1701 τριακοντούτας
670 1644 736 1698 σοι,
759 1614 999 1707 εὐλαβουμένῳ
1022 1623 1127 1701 παντλ

59 1723 180 1815 τρόπῳ
200 1727 272 1793 τῶν.
299 1716 409 1810 λόγων
436 1717 574 1789 οἷπτέον.
630 1725 702 1791 Νοο
734 1729 841 1810 aptum
874 1722 1127 1817 σύλᾶβοομένῳ,
1251 1720 1255 1725 ’

59 1834 207 1921 quoniam
230 1851 292 1898 non
314 1829 440 1908 unua,
471 1830 526 1896 sed
552 1831 699 1917 oustodes
721 1833 835 1899 debent
849 1829 1038 1900 ἅπτεσθαι
1059 1837 1128 1901 τών

59 1937 180 2030 λόγον.
212 1939 346 2025 Beatum
368 1929 654 2020 εὐλαβουμένους.
686 1938 728 2003 nt
741 1940 988 2007 nocuitfortasse
1005 1960 1125 2007 accom-

59 2047 196 2114 modatio
218 2044 366 2125 (aur-eet).
416 2043 498 2109 Nam
520 2037 781 2127 εὐλαβουμένοις
802 2064 863 2111 uon
883 2046 979 2112 audeo
1002 2047 1127 2118 Platoni

58 2155 211 2230 tribuere,
243 2150 303 2218 atsi
331 2144 504 2235 ἡδομένως
530 2149 699 2234 Xenophon
725 2151 816 2226 dixit,
843 2147 1126 2239 ὁμολογουμένως

60 2279 185 2336 omnes3
210 2258 318 2325 aderat
342 2258 426 2323 enim
450 2250 603 2339 εὐλαβῶς

159 2368 228 2433 Lib.
250 2364 327 2430 VIII
358 2383 388 2446 p.
412 2365 472 2427 543
495 2363 536 2429 0:
571 2358 705 2446 μισθόν
727 2365 787 2447 τῆς
810 2367 965 2452 φυλακῆς
986 2367 1124 2454 δεχομέ-

60 2497 141 2547 νους
173 2476 225 2546 εἰς
255 2464 413 2536 ἐνιαυτόν
444 2465 511 2553 τήν
541 2474 589 2543 εἰς
622 2471 729 2536 ταῦτα
763 2466 894 2557 τροφήν
929 2468 1022 2557 παρέ
1056 2477 1124 2540 τών

59 2576 180 2644 ἄλλων.
223 2577 353 2642 Prorsus
375 2596 436 2643 non
457 2577 556 2655 rideo,
578 2595 637 2660 quo
657 2577 806 2643 referatur
827 2581 946 2661 ταῦτα,
969 2582 1124 2664 suspicor·

57 2704 113 2767 qne
136 2684 250 2748 fuisse:
273 2679 339 2767 τήν
360 2688 410 2756 εἰς
432 2679 563 2749 ταντα
587 2679 718 2767 τροφήν
740 2684 793 2751 tad
815 2688 1013 2755 constitutam
1034 2708 1122 2755 men·

56 2809 176 2865 suram3
212 2790 264 2854 afr.
292 2789 369 2854 VIII
395 2810 426 2872 p.
448 2790 508 2851 551
532 2789 573 2853 B:
611 2776 637 2874 ᾦ
668 2783 711 2854 ἂν
743 2786 793 2873 μή
826 2781 970 2878 ηόύοέα
1002 2798 1052 2867 εἰς
1080 2791 1120 2864 ao*

55 2900 184 2983 ταχθέν
205 2897 363 2982 τίμημα).
981 2946 984 2951 .

155 3002 221 3067 Ibd.
243 3023 272 3086 p.
292 3003 353 3062 544
375 3002 413 3068 G:
437 2997 459 3085 η’
480 3026 517 3065 τι
540 2995 648 3086 ταύτῃ
671 3001 726 3087 (τῇ
747 2994 936 3089 ὀλιγαρχίᾳ)
958 2999 1121 3091 διάφορος

56 3109 110 3175 καλ
134 3107 252 3191 έφιξῆς
280 3110 466 3195 γιγνομένη
500 3107 728 3192 δημοκρατία,
762 3108 817 3172 καὶ
850 3103 873 3192 ἡ
904 3114 1045 3195 γενναία
1078 3109 1119 3198 δή

55 3215 215 3299 τυραννὶς
241 3216 295 3280 καλ
322 3209 344 3299 ἡ
372 3215 490 3281 πασῶν
518 3208 650 3280 τούτων
677 3206 927 3301 διαφεύγουσα,
958 3213 1120 3303 τέταρτόν

54 3346 91 3386 sa
123 3321 179 3386 καλ
217 3328 358 3406 ἔσχατον
390 3314 522 3396 πόλεως
554 3318 699 3406 νόσημα.
762 3320 813 3386 Sie
845 3339 949 3388 omnes
982 3323 1055 3388 boni
1088 3327 1121 3390 at

54 3426 221 3492 medioeres
242 3426 372 3503 codices,
393 3446 454 3492 non
469 3420 599 3494 τούτων
614 3428 827 3512 διαφέρουσα.
868 3426 930 3494 Sed
950 3428 1117 3497 substituto

54 3531 148 3596 etiam
171 3550 242 3597 aum
263 3532 348 3598 inani
369 3535 521 3600 sententia
540 3535 753 3618 διαφέρουσα,
776 3552 898 3618 prorsus
919 3553 1048 3619 pravum
1070 3538 1119 3601 est

54 3638 107 3703 καὶ
130 3630 163 3722 η’,
187 3637 275 3720 quasi
297 3639 336 3703 ad
357 3658 470 3704 novum
491 3658 588 3724 genus
610 3659 629 3704 a
649 3640 811 3725 tyrannide
831 3641 1015 3705 transeatur.
1049 3642 1117 3708 Una

52 3741 158 3808 naara
177 3742 210 3807 in
230 3743 368 3808 codicum
386 3744 537 3828 scriptura
557 3746 714 3830 geminata
736 3745 832 3811 oritur
853 3744 1117 3830 elegantissimum

52 3845 125 3912 hoa:
153 3850 315 3930 τυραννὶς
337 3851 461 3938 σκαιῇ
484 3852 603 3918 πασῶν
625 3845 754 3917 τούτων
778 3844 1026 3938 διαφιύγοοοαε
1050 3871 1116 3937 quae

53 3951 88 4017 ad
111 3953 223 4018 laevam
245 3955 285 4019 ab
307 3953 355 4019 nrs
379 3955 518 4022 omnibus
540 3957 672 4024 discedit
696 3958 728 4022 at
748 3957 837 4041 fugit.

150 4059 220 4125 lou.
242 4079 272 4142 p.
295 4061 417 4126 5461).
461 4061 541 4142 Quid
568 4062 723 4131 sententia
748 4063 931 4146 postularet,
957 4064 1035 4131 vidit
1054 4063 1118 4128 iere
