2580 4530
222 263 253 325 ll

180 459 324 523 nonnulla
344 459 527 522 incurrerem
550 457 588 521 ab
610 456 851 540 aliispraeeepta,
881 457 912 520 id
934 457 964 520 in
980 457 1086 540 primis
1107 457 1240 541 plagulis

180 565 289 648 saepius
330 564 458 640 accidit,
495 563 548 627 ubi
583 563 732 628 editiones
766 563 881 646 aliquot
918 564 1101 645 scriptorum
1134 583 1238 627 reeen-

178 671 315 736 tissimas
338 670 472 734 nondum
495 669 697 750 imperaram,
721 670 775 734 sed
797 690 834 733 ne
856 671 963 752 postea
985 670 1107 752 quidem
1131 670 1240 734 evitari

178 779 285 860 potuit.
334 778 441 858 ltaque
475 778 525 841 hie
557 777 639 839 bona
667 775 728 839 fide
751 775 819 840 aliis
841 776 1012 850 rest'tuam,
1046 795 1112 857 quae
1136 795 1238 839 eorum

179 903 245 948 esse
267 903 334 947 sero
356 883 494 966 cognovi.
547 882 623 946 Inde
645 900 664 945 a
686 881 763 946 libro
786 883 884 955 tertio,
917 882 969 945 nbi
1000 883 1079 944 inter
1102 901 1239 944 errorum

178 989 343 1072 typothetae
377 987 623 1072 corrigendorum
661 1005 782 1068 operam
811 987 1054 1051 animadversum
1091 986 1139 1048 est
1160 988 1240 1068 (ple-

177 1099 305 1176 rumque
328 1093 471 1159 aiuvene
495 1093 583 1158 docto
607 1095 637 1156 et
657 1093 765 1170 amieo,
788 1094 840 1176 qui
861 1093 937 1156 mihi
959 1093 990 1156 in
1012 1093 1122 1155 haere
1144 1093 1239 1155 bene-

177 1202 277 1265 volam
329 1201 360 1265 et
410 1199 587 1283 diligentem
639 1216 759 1280 operam
783 1198 1029 1273 'commodavit
1080 1195 1237 1259 [tichonio

183 1304 387 1378 Chaeroneae),
421 1304 534 1386 aliquid
557 1306 594 1368 ab
622 1304 681 1369 alio
706 1306 777 1368 ante
803 1306 960 1369 inventum
985 1322 1062 1378 esse,
1094 1304 1147 1367 sed
1169 1306 1234 1368 tam

177 1430 257 1486 sero,
294 1413 328 1474 ut
353 1411 414 1474 iam
442 1411 509 1474 tolli
538 1410 603 1474 sine
627 1429 740 1494 magna
771 1410 912 1474 molestia
945 1428 1003 1472 non
1026 1411 1145 1490 posset,
1174 1410 1237 1472 fere

176 1518 283 1581 statim
318 1517 503 1598 adscriptum
533 1517 576 1579 rei
608 1516 754 1580 indicium
786 1518 847 1588 est,
870 1520 905 1580 ut
934 1535 963 1598 p.
987 1516 1057 1583 411,
1080 1516 1151 1590 469,
1173 1517 1235 1576 489

177 1627 234 1688 oet.
278 1622 387 1704 ltaque
420 1641 470 1685 eos
492 1623 575 1686 locos
598 1621 646 1685 hie
673 1622 790 1687 omitto.
837 1621 993 1704 Perpauoa
1015 1620 1093 1685 alius
1115 1622 1237 1703 generis

177 1729 287 1792 addam
307 1730 508 1811 typorumqne
532 1746 647 1793 errores
672 1728 789 1812 aliquot
812 1727 970 1811 corrigam.

175 1942 206 1996 P.
231 1943 248 1995 2
274 1961 298 1996 v.
326 1944 370 1992 imo
395 1943 472 2008 (teat.)
498 1961 543 2008 pro
563 1941 587 1994 is
604 1945 675 1994 scrib.
701 1947 703 1979 i
802 1942 909 1998 demum
924 1939 1060 2010 impressis
1070 1955 1093 1992 a.
1109 1941 1177 1995 1868
1190 1955 1236 1991 ex-

246 2033 281 2087 iis
701 1982 704 2091 ι
805 2039 885 2091 eunte
903 2034 937 2088 ad
955 2049 1004 2087 nos
1022 2031 1152 2102 pervenit.

176 2127 235 2180 ir.
254 2129 271 2180 8
289 2131 320 2177 ab
338 2131 383 2177 imo
397 2130 466 2179 scrib.
479 2125 676 2195 disputationes
731 2133 766 2186 63
784 2147 807 2184 r.
826 2133 851 2185 6.
886 2127 1026 2182 Plutarchi
1044 2126 1131 2179 locum
1145 2125 1237 2179 eodem

246 2217 343 2283 afferri,
800 2221 878 2275 modo
897 2209 1048 2273 emendavit
1068 2217 1190 2272 Cobetus.

174 2313 206 2366 11
225 2327 249 2364 r.
269 2313 303 2365 22
321 2313 391 2363 serit.
409 2309 438 2362 in
456 2312 581 2364 contextu
731 2316 765 2369 67
792 2331 818 2366 n.
844 2317 870 2367 2.
910 2311 977 2365 Cum
1010 2311 1059 2363 hae
1084 2314 1147 2362 nota
1174 2326 1236 2362 eon-

174 2405 207 2459 18
225 2419 249 2455 r.
270 2404 312 2456 13.
341 2401 440 2454 Velleii
459 2401 547 2454 locum
560 2402 675 2455 correxit
802 2402 946 2472 iungenda,
970 2419 1028 2471 quae
1053 2401 1087 2454 ad
1114 2383 1233 2470 Thucyd.

242 2494 296 2548 iam
324 2494 514 2547 Mommsenius
546 2492 674 2562 (Haasius
802 2497 839 2559 Il,
860 2498 894 2552 83
918 2495 1011 2563 scripsi
1035 2511 1061 2562 p.
1088 2495 1152 2552 312,
1171 2492 1232 2545 add.

242 2587 283 2641 ed.
302 2590 340 2648 2).
382 2581 384 2585 ’
804 2589 875 2644 Plat.
909 2588 980 2658 legg.
1011 2587 1049 2640 IV
1068 2604 1094 2655 p.
1121 2587 1171 2640 718
1198 2586 1235 2649 D,

173 2684 207 2736 22
225 2696 249 2734 v.
275 2682 309 2735 10
334 2683 401 2731 serlo.
430 2697 489 2734 cnm
514 2678 675 2734 fallentibus
802 2681 883 2735 Diod.
913 2680 965 2734 Sic.
990 2679 1048 2742 XV,
1075 2680 1110 2734 49
1137 2681 1164 2732 et
1190 2682 1234 2741 53,

241 2789 272 2826 ex
289 2772 432 2827 intervallo
607 2772 609 2786 '
804 2773 894 2828 Strab.
913 2773 942 2828 lI
960 2789 986 2842 p.
1005 2775 1047 2831 96.
1064 2772 1138 2826 Plut.
1158 2772 1233 2826 Aret.

171 2871 206 2925 24
232 2885 256 2921 r.
284 2868 310 2920 4.
328 2863 479 2930 Ἐξικνοῖτο
507 2864 578 2934 apud
599 2864 674 2919 Stra·
801 2870 886 2930 o.‚34,
914 2865 1023 2920 Lucian.
1051 2882 1111 2920 nav.
1139 2881 1162 2919 o.
1190 2869 1235 2928 17,

240 2959 335 3012 bouem
370 2959 424 3012 iam
463 2957 612 3012 Meinelrius
645 2958 674 3011 in
800 2960 880 3015 Pauo.
899 2961 931 3026 X,
950 2962 975 3022 2,
989 2963 1022 3022 ,5,
1042 2961 1092 3014 cet.

246 3051 348 3121 praefat.
730 3057 765 3111 68
783 3070 808 3108 v.
827 3058 844 3109 6
859 3072 906 3122 pro
925 3056 952 3106 et
969 3056 1038 3106 scrib.
1057 3056 1114 3107 tum

172 3170 206 3225 26
233 3180 279 3222 not·
309 3189 331 3224 υ.
359 3172 375 3223 2
403 3188 450 3235 pro
480 3171 515 3224 56
548 3167 569 3219 p
601 3171 672 3222 mgb·
734 3149 768 3202 71
788 3163 813 3202 v.
832 3149 849 3202 3
868 3150 899 3198 ab
918 3148 963 3197 imo
981 3165 1027 3200 scr.
1046 3146 1116 3210 8003

241 3260 332 3317 567F
731 3242 766 3295 74
786 3254 812 3293 v.
831 3239 875 3294 25.
914 3239 987 3305 Capri
1001 3249 1077 3305 yentrs
1095 3253 1143 3306 pro
1162 3251 1237 3304 caput

800 3335 876 3400 marn
918 3330 997 3385 oodex
1037 3329 1108 3384 Med.
1145 3329 1233 3384 'l'aeiti

800 3439 864 3480 nun.
881 3424 960 3488 XIll,
977 3425 1020 3479 39.

733 3518 768 3574 84
786 3533 812 3572 ν.
831 3519 849 3572 3
863 3537 909 3584 pro
927 3517 942 3572 I
959 3520 1028 3570 norit.
1046 3517 1075 3572 ΙΙ

169 3584 204 3640 43
221 3598 248 3687 'j
265 3585 282 3637 2
307 3583 341 3637 ab
360 3585 422 3638 inm·
442 3583 541 3638 Hem·
566 3581 588 3646 I’
621 3587 672 3639 ¹⁶7
734 3610 769 3665 85
786 3624 812 3664 v,
830 3611 856 3665 5.
869 3606 1006 3665 Ἐὃωκαν
1024 3609 1125 3678 legitur
1142 3613 1233 3664 tamen

239 3691 293 3728 mm
305 3676 459 3747 Kruegerus
480 3679 508 3730 et
526 3675 576 3728 alii
595 3675 671 3730 simi·
800 3702 878 3758 anab·
896 3703 1233 3772 V11‚7,37‚M953mv

237 3766 302 3820 liter
319 3773 498 3825 correxerunt.
801 3794 907 3851 Hellen¹
927 3795 973 3859 IV,
991 3798 1019 3859 4,
1037 3798 1079 3852 15·

169 3883 205 3937 45
239 3897 263 3934 r.
284 3885 317 3938 13
346 3883 508 3949 Quintiliani
528 3888 671 3955 utrumque
732 3889 784 3943 130
799 3887 956 3956 imitant).
976 3883 1212 3956 Daroeddoo'cef
1225 3929 1232 3942 .

238 3974 325 4029 locum
361 3979 514 4032 emendavit
549 3995 562 4032 e
595 3978 670 4034 eodd.
800 3977 913 4034 Diodori
943 3979 975 4034 fr.
1010 3981 1114 4045 XXXI,
1152 3983 1183 4035 17
1217 3999 1233 4035 a

239 4067 376 4132 Halmius,
408 4071 484 4125 onina
514 4071 599 4126 editio
628 4071 673 4126 hio
798 4071 882 4128 Dind.

171 3379 206 3431 32
223 3393 249 3432 r.
266 3379 292 3431 4.
329 3375 440 3430 Luciani
467 3375 553 3428 locum
582 3375 673 3430 eodem

241 3469 317 3524 modo
335 3469 447 3523 correxit
465 3467 497 3522 (l.
508 3467 674 3522 Dindorfius·
