2626 4530
551 295 612 352 ain.
631 299 652 351 1.
890 304 894 309 '
1034 298 1093 360 133

73 483 236 581 eclipsin:
258 492 428 580 στόματα·
468 495 537 561 Non
558 493 659 561 dicam
681 496 789 562 multis
812 496 850 562 de
864 498 952 563 ostiis
969 478 1131 564 fluminum

71 603 241 688 congressis
270 604 449 687 (ἐκβολαῖς
463 593 724 680 συνελθούσαις)
754 621 812 667 neo
833 603 872 668 de
893 603 995 669 rcrbis
1016 604 1134 669 nullam

70 709 191 775 omniuo
201 710 388 775 educturum
396 707 578 773 lubentibus
589 708 644 772 καί
656 699 847 789 aesopo
859 709 968 791 quibus
979 709 1011 773 in
1022 709 1134 776 editio·

70 814 160 879 nibus
171 813 245 879 aute
254 812 443 881 Meinelrium
455 813 657 878 substitutum
670 814 718 878 est
730 833 767 878 er
777 811 932 878 codicibus
942 815 1134 898 interpolatis

70 939 167 985 nuum
193 912 350 994 πάντων,
383 919 465 1003 quod
491 918 626 984 debebat
655 919 772 987 sultom¹
798 937 865 983 csse
898 913 1040 986 πάντων
1067 925 1135 986 ιον

72 1018 345 1110 καταρρεόντυνς
373 1024 508 1107 alioquin
530 1025 613 1089 enim
635 1044 695 1089 non
713 1042 820 1089 omnes
841 1024 866 1088 ii
895 1025 995 1104 fluvii,
1025 1029 1077 1111 qui
1099 1048 1134 1094 cx
1269 1012 1274 1021 ’

70 1134 166 1199 AEtna
192 1132 371 1207 decurrant,
397 1130 623 1214 significantur,
650 1131 703 1202 sed
730 1150 836 1197 omnes
866 1132 952 1197 fluvii
982 1152 1017 1198 ex
1042 1134 1136 1203 AEtna

71 1240 234 1305 decurrere
256 1239 414 1313 dicuntum
444 1236 500 1304 scd
513 1239 556 1316 ¹ut
577 1238 622 1303 sie
649 1238 816 1313 scribatur,
853 1239 1056 1305 ialsmsimum
1077 1242 1137 1306 erit

71 1346 167 1411 nihilo
189 1345 303 1421 minus,
324 1362 431 1409 omnes
453 1343 573 1420 fluvios,
594 1343 648 1426 qui
666 1345 802 1410 inditus
816 1345 961 1420 oriantur,
984 1347 1017 1410 iu
1037 1347 1136 1411 orien-

70 1451 130 1516 tali
151 1470 206 1517 ora
227 1469 287 1515 uno
310 1469 360 1514 ore
383 1449 479 1524 exire;
503 1467 580 1514 nam
602 1450 634 1514 in
656 1450 882 1518 diversissimas
901 1452 1005 1534 partes
1026 1452 1135 1518 lubun-

70 1560 130 1622 our.
195 1540 495 1632 manseramus,
547 1554 728 1622 sucronem
764 1577 825 1623 non
864 1557 990 1623 ,infima
1027 1557 1133 1622 nunu

71 1664 123 1728 hic
145 1663 226 1729 exire
248 1662 417 1746 scripsisse,
440 1662 494 1727 sed
517 1663 615 1727 certos
636 1662 746 1728 fluvios
761 1663 1030 1738 nominass03'nee
1055 1661 1137 1726 diffi-

74 1771 132 1835 cile
154 1770 218 1848 est,
248 1768 276 1832 si
304 1769 443 1833 locorum
473 1767 568 1831 situm
594 1767 779 1840 consideres,
810 1767 936 1832 nomina
960 1787 996 1833 ex
1022 1767 1136 1832 litteris

76 1862 443 1943 ΣΥΝΕΛΘΟΥΣΑῙ
465 1873 559 1938 ΚΑΙ
583 1873 701 1949 ΠΑΝ
703 1874 770 1940 TA
800 1890 915 1959 cruere.
969 1873 1138 1969 scripserat

74 1982 156 2045 enim
171 1980 296 2044 struboz
319 1983 355 2045 αί
376 1980 445 2043 crdo
466 1978 634 2062 ποταμῶν
656 1979 793 2061 ἐκβολαὶ
818 1979 1044 2063 Συμαίθου
1071 1984 1137 2044 καί

76 2085 268 2152 Hannoni
276 2094 343 2160 ου,
366 2078 621 2169 καταρρεόντων
636 2089 671 2149 ἐκ
687 2083 747 2167 τῆς
761 2085 891 2167 Αἴτνης
908 2089 957 2157 εἰς
974 2079 1136 2170 εὐλίμενον

75 2189 241 2279 οεόματα.
291 2191 408 2256 Neuter
429 2190 540 2261 fluvius
561 2191 593 2255 in
615 2191 673 2254 hac
696 2208 749 2255 ora
770 2191 851 2255 teste
873 2191 954 2274 eget.
1000 2190 1137 2255 Alterius

73 2298 223 2373 nominm,
261 2317 332 2362 cum
370 2290 484 2362 ιεοίντα
521 2297 670 2378 tanquam
706 2296 832 2377 plenum
864 2297 1013 2379 seriptum
1045 2301 1136 2362 essct.

73 2407 211 2471 extrema
232 2423 303 2486 pars
324 2405 445 2469 abiecta
467 2405 524 2475 est,
547 2421 582 2467 eo
606 2403 735 2475 facilius,
760 2402 840 2484 quod
854 2404 1038 2485 sequebatur
1050 2405 1109 2468 ιια1
1116 2416 1135 2482 J.

174 2506 279 2592 (Xlll)
303 2511 448 2574 Incertior
462 2509 584 2574 videtur
596 2508 752 2572 Strabonis
770 2508 801 2572 in
825 2509 931 2574 codem
952 2509 1030 2574 libro
1052 2512 1141 2577 locus

73 2637 101 2699 p.
124 2618 208 2692 284,
239 2615 307 2688 ubi,
334 2617 497 2698 postquam
525 2613 692 2680 Canusium
723 2616 755 2678 et
775 2614 982 2698 Argyrippsm
1012 2616 1136 2698 (Arpos)

73 2720 336 2794 commemoravit,
360 2721 495 2787 subiicit:
540 2721 710 2807 Λίμοντοιι
735 2721 768 2785 δὲ
791 2714 982 2805 α’μφότεροιι
1006 2715 1138 2804 Διομή-

75 2829 154 2902 δους
184 2829 368 2910 κτίοματα,
403 2826 471 2890 tum
506 2826 648 2890 universe
681 2827 780 2891 addit:
817 2829 871 2896 καὶ
907 2824 992 2893 ἄλλα
1026 2827 1136 2893 πολλοὶ

75 2935 248 3001 δείκνυται
271 2931 333 3015 τῆς
354 2926 551 3015 Διομήδους
579 2937 615 2996 ἐν
638 2924 772 3013 τούτοις
799 2947 869 3005 τοῖς
891 2929 1011 3007 τόποις
1035 2936 1139 3000 δυνα-

74 3042 188 3113 στείας
212 3051 352 3124 σημεῖα,
385 3058 452 3121 quae
482 3037 592 3133 deiude
614 3038 793 3122 singulatim
820 3042 1021 3124 persequitur.
1079 3042 1139 3106 Sed

73 3150 122 3214 his
142 3144 348 3228 interponitur
368 3143 483 3226 aliquid
504 3142 590 3218 miri;
612 3144 658 3208 sic
679 3144 762 3210 enim
782 3145 943 3210 scribitur:
966 3147 1138 3234 Λένονται
1251 3158 1254 3162 “

73 3256 108 3321 δὲ
137 3247 329 3337 οἷμφότερυι
352 3246 547 3333 Διομήδους
575 3249 760 3334 κτίσματα·
785 3254 841 3317 καί
865 3247 902 3316 co*
934 3254 1055 3319 πεδίον
1083 3261 1136 3320 καί

74 3359 160 3428 iaia
184 3352 294 3424 πολλοὶ
319 3357 490 3423 δείκνυται
516 3383 545 3420 κ.
558 3383 588 3422 τ.
601 3360 630 3422 λ.
665 3358 805 3442 Apparet
826 3360 858 3423 et
878 3359 1042 3425 ridiculum
1063 3380 1138 3429 esse.

74 3466 236 3551 planitiem
257 3464 378 3530 ostendi
398 3465 503 3528 notam
525 3465 558 3528 et
580 3466 811 3529 monumentum
833 3465 955 3547 imperii
967 3467 1137 3539 Diomedis,

75 3573 177 3639 stilla
194 3572 248 3636 καί
264 3566 350 3635 ἄλλα
366 3564 476 3634 πολλοὶ
497 3595 525 3634 κ.
542 3596 571 3634 τ.
590 3572 617 3634 i.
642 3570 686 3635 sic
707 3572 832 3656 adiungi
853 3572 941 3636 iactae
956 3574 1091 3653 primum
1106 3579 1139 3641 in

75 3677 197 3762 oppidis
209 3677 368 3743 Diomedis
380 3675 538 3751 mentioni,
561 3678 597 3740 ut
611 3678 688 3741 nihil
709 3677 862 3760 interponi
883 3677 1024 3759 potuerit.
1060 3679 1139 3762 Quid

75 3786 171 3870 igitur
192 3783 269 3848 fieta
318 3781 442 3847 Scilicet
467 3781 545 3848 latet
571 3773 603 3848 in
629 3783 691 3848 illis
719 3777 758 3848 ιδ
791 3782 912 3847 πεδίον
933 3785 1017 3850 tertii
1038 3790 1141 3872 oppidi

76 3907 206 3965 nomen,
237 3888 323 3952 cuius
349 3891 460 3970 praeter
489 3889 656 3954 Canusium
687 3889 720 3955 et
745 3887 951 3972 Argyrippum
973 3892 1140 3960 Diomedes

103 4108 125 4174 ¹)
144 4108 243 4164 Annal.
264 4108 358 4177 philol.
378 4111 445 4167 Dsn.
465 4113 487 4165 V
507 4129 534 4181 p.
553 4117 586 4170 19
605 4116 633 4168 et
651 4115 710 4170 158.
