2580 4530
225 254 287 316 552
643 249 704 307 Lib.
723 252 770 309 IV.

177 445 368 538 ἠγεμονίαν
389 449 519 537 ταύτην
541 453 680 526 κόλποις
711 480 748 518 τι
770 454 826 519 ιιαλ
858 449 980 537 ῶιιραις
1010 457 1155 528 πολλοῖς
1179 456 1230 532 uei,

177 560 229 644 τῶ
265 554 637 646 οημειοιιλιοτότφ,
676 552 893 647 χερρονήσοις
921 559 1098 648 μεγάλαις
1126 563 1232 627 διαπι-

178 666 391 751 ποικιλμένφ.
435 667 559 732 Codices
594 670 625 732 et
647 666 812 759 editiones:
849 681 941 740 τοῖς
978 670 1232 754 οηριτιωδεο-

176 765 328 846 τότοις.

277 877 345 943 Ibd.
369 879 429 941 345
452 880 493 957 (3,
522 879 571 956 16)
604 877 799 942 scribendum
820 879 1130 966 interpungendaque
1151 882 1234 948 oratio

177 983 236 1047 sie:
269 980 419 1069 Πῶρεοτι
445 990 509 1066 μὲν
539 978 604 1070 peip
637 985 681 1068 τῶ
704 985 831 1073 ποιητῇ
859 986 914 1050 uei
938 980 1111 1054 πλάττειν
1130 985 1172 1055 τό
1193 984 1232 1075 μή

177 1084 275 1153 ὄντα·
299 1086 384 1155 ὅταν
407 1085 437 1156 δ’
457 1082 480 1177 ἦ
502 1083 649 1156 δυνατόν
665 1087 892 1174 ἐφαρμόττειν
913 1105 986 1164 τοῖς
1009 1085 1088 1159 οὖσι
1113 1093 1156 1162 τό
1180 1105 1234 1181 ἔπη

178 1196 232 1260 καὶ
265 1190 381 1275 οῶζιῖν
409 1193 474 1279 τήν
500 1189 668 1282 διήγησιν,
699 1191 778 1264 τότ’
804 1205 871 1281 (pro
903 1193 941 1263 τό
972 1193 1014 1276 δ’)
1051 1196 1234 1290 suspensae

177 1295 341 1386 προσήκει
364 1304 508 1385 μᾶλλον.
543 1304 638 1367 Paule
651 1306 722 1368 ente
737 1304 830 1368 scribi
842 1305 950 1370 debet:
974 1297 1020 1390 ἦν
1034 1308 1069 1373 (ii
1090 1313 1146 1378 καλ
1158 1308 1235 1395 αὕτη

179 1415 220 1486 (ν.
245 1414 298 1474 καὶ
316 1407 403 1491 αὕτη
426 1405 462 1493 ἡ)
477 1402 584 1484 πόλις,
607 1410 663 1473 hoe
685 1410 747 1474 est:
770 1414 886 1476 namet
906 1411 971 1476 haee
994 1415 1070 1480 urbs
1088 1420 1155 1483 erat
1171 1419 1236 1497 (iam

175 1534 234 1578 nen
267 1518 342 1595 est);
375 1515 428 1580 cfr.
455 1517 655 1597 paulopost:
691 1508 802 1600 χῶραν
834 1509 864 1580 (λ’
896 1515 986 1602 εἶχον
1016 1525 1092 1597 (non
1121 1527 1235 1609 ἔχουσι)

176 1625 209 1684 οἱ
232 1621 441 1705 Λεπρεᾶται.
486 1622 543 1700 (De
565 1621 673 1686 eadem
695 1641 776 1706 pag..
801 1641 825 1687 ο.
848 1622 878 1699 3,
902 1624 939 1684 17
963 1624 1082 1690 dietum
1103 1648 1135 1711 p.
1162 1630 1236 1708 134.)

275 1728 341 1793 lbd.
353 1729 414 1790 346
431 1731 472 1806 (3,
496 1728 565 1806 19);
590 1729 643 1791 καὶ
666 1722 731 1811 τήν
746 1721 925 1811 Δαρδάνου
947 1735 1092 1816 γένεσιν.
1130 1734 1236 1800 scrib-2

175 1825 210 1898 Ἰ
215 1832 318 1916 apid
325 1860 410 1900 νου.
452 1834 649 1918 significatur
668 1835 762 1912 idem,
785 1837 836 1918 qui
856 1857 888 1918 p.
913 1838 974 1897 347
997 1839 1049 1918 (3,
1072 1841 1147 1919 20),
1172 1860 1237 1906 con·

175 1938 301 2005 iunctus
331 1941 397 2005 sine
419 1941 509 2006 dubio
538 1959 608 2004 cum
630 1941 771 2035 Ιυιόοου,
793 1942 886 2007 fluvio
908 1942 1067 2022 Pisaeis,
1096 1966 1190 2029 quem
1211 1950 1239 2012 et

176 2046 285 2111 Strabo
310 2047 415 2112 etalii
438 2048 603 2129 appellant.
647 2047 808 2112 Dardanus
844 2048 926 2111 ciros
958 2049 1023 2114 haee
1051 2049 1122 2116 loce
1154 2072 1238 2118 nemo

175 2156 446 2218 commemorat-ur.
491 2150 634 2216 Ceterum
662 2154 733 2216 ante
756 2155 910 2228 ἐνταῦθα
944 2153 1066 2220 videtur
1095 2159 1238 2224 excidisse

173 2251 383 2338 μυθεύεται,
408 2257 487 2342 quod
507 2257 617 2322 Pleiho
640 2258 742 2337 habet,
757 2259 831 2324 -etsi
854 2279 890 2324 ea
911 2261 1075 2343 perexigua
1097 2265 1148 2328 est
1169 2282 1237 2328 τοο-

172 2365 292 2429 toritas.
339 2365 398 2429 Cfr.
421 2385 450 2446 p.
475 2363 535 2424 366
559 2363 603 2441 (6,
627 2367 660 2441 2)
685 2367 716 2429 et
737 2366 820 2431 alibi.
869 2364 905 2430 In
932 2366 1028 2430 altero
1057 2369 1165 2434 autem
1187 2372 1236 2435 illo

174 2470 240 2532 Ιοοο
275 2489 304 2550 p.
333 2471 393 2531 347
422 2472 452 2534 in
482 2469 594 2533 litteris
624 2462 736 2554 όχοιαὶ
764 2473 842 2537 latei
873 2492 985 2536 nomen
1017 2475 1236 2554 appellativum

175 2576 419 2659 coniungendam
448 2596 516 2640 cum
544 2571 660 2658 τάφος,
694 2577 751 2658 hae
776 2577 891 2642 forma:
920 2572 939 2643 ό
967 2580 1028 2642 του
1058 2571 1236 2662 Ἰοριλόνου

175 2678 485 2766 λειμῶνόιίκυυται
504 2683 558 2746 καὶ
582 2676 688 2765 τῶφυς
712 2688 767 2759 καὶ
795 2684 959 2767 χειαι’(λ)·
984 2687 1046 2749 εἰοὶ
1067 2686 1102 2750 δὲ
1120 2692 1235 2770 πέτραι

176 2813 204 2851 ι.
230 2815 256 2852 τ.
283 2793 309 2853 λ.
354 2791 435 2853 Fieri
456 2791 565 2872 potest,
588 2791 624 2853 ut
644 2809 769 2874 serpens
790 2791 880 2879 fictus
902 2790 943 2854 sit
964 2791 1124 2857 Iardanus.

274 2897 392 2961 Eadem
404 2915 473 2978 pag.
487 2896 573 2974 (346)
584 2897 674 2978 paulo
685 2899 769 2979 post:
793 2889 943 2980 θινῶιλης
960 2891 988 2960 ‹i’
1000 2891 1047 2960 ῶν
1058 2891 1077 2962 ό
1089 2893 1196 2971 τόπος
1208 2904 1237 2972 ἐξ

174 3005 278 3067 εἴκοσι
302 3004 446 3067 οταιλιόιν
466 3008 611 3086 ίόαρεῖαυ
632 2997 746 3087 όομὴν
768 3006 920 3087 παρέχει.ι
972 2994 1151 3085 Requiritui
1171 3024 1235 3069 me-

174 3109 284 3173 nifeste
307 3102 507 3192 θειῶιλφς,
530 3108 709 3192 ευίβυνοουι.
753 3107 826 3174 eod.
848 3110 877 3172 A
902 3101 1075 3192 τειφῶιλφς.

217 3196 219 3203 ’
274 3214 339 3278 ibe.
364 3216 424 3279 οιι
445 3217 485 3294 (3,
511 3215 561 3292 ιο)
584 3213 779 3279 scribendum
800 3216 861 3279 sic:
897 3208 957 3279 ια’
981 3203 1048 3279 οπο·
1073 3217 1142 3279 τοι
1165 3264 1172 3279 .
1198 3261 1234 3281 ..

174 3314 352 3385 ἐλθόντοιν
383 3327 414 3396 ἐξ
451 3314 662 3405 Ὀρχοριὲνου
695 3321 759 3384 τοῶ
791 3321 960 3386 Μινυειόυ
995 3322 1141 3386 Μινυῶν
1175 3313 1237 3387 εἴτ’

173 3420 240 3491 (ἔπ’
263 3424 395 3490 ἄλλων
415 3426 607 3498 Μινυῶν,
642 3431 676 3488 οἲ
706 3426 773 3490 τῶν
795 3418 1036 3513 Ἀργοναυτῶν
1069 3422 1236 3514 α’πόγονοι

173 3530 270 3606 ὄντες
290 3559 320 3596 ιι.
344 3559 372 3596 τ.
401 3534 429 3596 λ.

275 3640 341 3705 Ibd.
367 3637 428 3700 350
451 3638 491 3715 (3,
515 3638 565 3713 26)
584 3637 687 3717 inepte
715 3637 779 3700 tres
807 3656 861 3719 per
882 3656 966 3702 mare
988 3656 1095 3701 cursus
1118 3640 1237 3723 signifi·

173 3745 282 3807 eantur
302 3763 356 3826 pre
379 3762 455 3809 une:
480 3737 539 3808 τόν
561 3735 674 3807 ου’θόν
697 3743 809 3808 πλοῦν
910 3746 965 3808 καὶ
990 3737 1050 3810 τόν
1079 3750 1111 3820 ἐξ
1133 3739 1237 3832 α’ρχῆς

174 3851 228 3914 καὶ
264 3845 325 3914 τόν
354 3854 402 3922 εἰς
429 3843 584 3941 fletum.
627 3849 840 3917 ,Scribendum
867 3849 1002 3915 videtur:
1037 3844 1098 3915 τόν
1122 3845 1237 3916 sepsi

172 3956 284 4020 πλοῶν
307 3957 360 4020 καὶ
384 3952 445 4022 τόν
478 3963 509 4032 ἐξ
532 3951 636 4041 α’ρχῆς
661 3957 815 4021 ἔναλον
851 3960 900 4029 εἰς
923 3949 1083 4038 Ἰθάκην,
1116 3959 1236 4022 reetum

172 4081 295 4127 cursum
331 4064 363 4125 et
400 4062 453 4144 qui
487 4062 594 4127 statim
637 4065 741 4145 aperte
784 4062 862 4125 mari
910 4061 1048 4126 Ithacam
1084 4061 1236 4147 dirigitur.
