<?xml version="1.0" encoding="UTF-8"?>
<!DOCTYPE html PUBLIC "-//W3C//DTD XHTML 1.0 Transitional//EN"
    "http://www.w3.org/TR/xhtml1/DTD/xhtml1-transitional.dtd">
<html xmlns="http://www.w3.org/1999/xhtml" xml:lang="en" lang="en">
 <head>
  <title>
</title>
<meta http-equiv="Content-Type" content="text/html;charset=utf-8" />
  <meta name='ocr-system' content='tesseract 3.04.00' />
  <meta name='ocr-capabilities' content='ocr_page ocr_carea ocr_par ocr_line ocrx_word'/>
</head>
<body>
  <div class='ocr_page' id='page_1' title='image "./adversariacriti00madvgoog_0373.png"; bbox 0 0 2580 4530; ppageno 0'>
   <div class='ocr_carea' id='block_1_1' title="bbox 151 225 712 295">
    <p class='ocr_par' dir='ltr' id='par_1_1' title="bbox 151 225 712 295">
     <span class='ocr_line' id='line_1_1' title="bbox 151 225 712 295; baseline 0.007 -3"><span class='ocrx_word' id='word_1_1' title='bbox 151 229 214 295; x_wconf 80' lang='lat'>354</span> <span class='ocrx_word' id='word_1_2' title='bbox 577 225 639 281; x_wconf 79' lang='lat' dir='ltr'>nis.</span> <span class='ocrx_word' id='word_1_3' title='bbox 656 226 712 295; x_wconf 85' lang='lat'>111·</span> 
     </span>
    </p>
   </div>
   <div class='ocr_carea' id='block_1_2' title="bbox 108 419 1174 2322">
    <p class='ocr_par' dir='ltr' id='par_1_2' title="bbox 108 419 1173 1559">
     <span class='ocr_line' id='line_1_2' title="bbox 111 419 1162 516; baseline -0.003 -20"><span class='ocrx_word' id='word_1_4' title='bbox 111 419 205 497; x_wconf 80' lang='grc' dir='ltr'><strong><em>οὗτοι</em></strong></span> <span class='ocrx_word' id='word_1_5' title='bbox 226 432 292 514; x_wconf 81' lang='grc' dir='ltr'><strong><em>μὲν</em></strong></span> <span class='ocrx_word' id='word_1_6' title='bbox 320 424 398 495; x_wconf 79' lang='grc' dir='ltr'><strong><em>οὔτε</em></strong></span> <span class='ocrx_word' id='word_1_7' title='bbox 417 427 522 494; x_wconf 42' lang='grc' dir='ltr'><strong><em>κοίτου</em></strong></span> <span class='ocrx_word' id='word_1_8' title='bbox 543 419 624 492; x_wconf 73' lang='grc' dir='ltr'>οὔδ’</span> <span class='ocrx_word' id='word_1_9' title='bbox 651 422 765 493; x_wconf 84' lang='grc' dir='ltr'><strong><em>ῶπνου</em></strong></span> <span class='ocrx_word' id='word_1_10' title='bbox 799 419 965 494; x_wconf 77' lang='grc' dir='ltr'><strong><em>δύνανται</em></strong></span> <span class='ocrx_word' id='word_1_11' title='bbox 996 421 1162 516; x_wconf 70' lang='grc' dir='ltr'><strong><em>λαγχάνειν</em></strong></span> 
     </span>
     <span class='ocr_line' id='line_1_3' title="bbox 110 527 1162 621; baseline -0.002 -18"><span class='ocrx_word' id='word_1_12' title='bbox 110 532 164 604; x_wconf 79' lang='grc' dir='ltr'><strong><em>διδ</em></strong></span> <span class='ocrx_word' id='word_1_13' title='bbox 195 530 257 603; x_wconf 87' lang='grc' dir='ltr'><strong><em>τόν</em></strong></span> <span class='ocrx_word' id='word_1_14' title='bbox 277 527 400 621; x_wconf 76' lang='grc' dir='ltr'><strong><em>φόβον,</em></strong></span> <span class='ocrx_word' id='word_1_15' title='bbox 430 538 463 599; x_wconf 90' lang='grc' dir='ltr'>οἱ</span> <span class='ocrx_word' id='word_1_16' title='bbox 491 534 525 600; x_wconf 77' lang='grc' dir='ltr'>δὲ</span> <span class='ocrx_word' id='word_1_17' title='bbox 554 529 620 618; x_wconf 66' lang='grc' dir='ltr'>ἤδη</span> <span class='ocrx_word' id='word_1_18' title='bbox 646 537 712 619; x_wconf 78' lang='grc' dir='ltr'><strong><em>μὲν</em></strong></span> <span class='ocrx_word' id='word_1_19' title='bbox 741 528 903 621; x_wconf 75' lang='grc' dir='ltr'>φυγάδες,</span> <span class='ocrx_word' id='word_1_20' title='bbox 930 531 998 621; x_wconf 78' lang='grc' dir='ltr'>ἥδη</span> <span class='ocrx_word' id='word_1_21' title='bbox 1020 527 1050 601; x_wconf 77' lang='grc' dir='ltr'>δ’</span> <span class='ocrx_word' id='word_1_22' title='bbox 1071 529 1162 620; x_wconf 77' lang='grc' dir='ltr'><strong><em>ἦττη·</em></strong></span> 
     </span>
     <span class='ocr_line' id='line_1_4' title="bbox 109 633 1164 727; baseline 0 -19"><span class='ocrx_word' id='word_1_23' title='bbox 109 647 220 727; x_wconf 83' lang='grc' dir='ltr'><strong><em>με’νοι,</em></strong></span> <span class='ocrx_word' id='word_1_24' title='bbox 241 639 307 726; x_wconf 82' lang='grc' dir='ltr'>ἥδη</span> <span class='ocrx_word' id='word_1_25' title='bbox 322 641 357 708; x_wconf 77' lang='grc' dir='ltr'>δὲ</span> <span class='ocrx_word' id='word_1_26' title='bbox 372 634 594 714; x_wconf 74' lang='grc' dir='ltr'><strong><em>δουλεύοντες</em></strong></span> <span class='ocrx_word' id='word_1_27' title='bbox 615 687 622 701; x_wconf 86' lang='grc'><strong>.</strong></span> <span class='ocrx_word' id='word_1_28' title='bbox 646 689 653 702; x_wconf 92' lang='grc'><strong>.</strong></span> <span class='ocrx_word' id='word_1_29' title='bbox 677 633 866 708; x_wconf 73' lang='grc' dir='ltr'><strong><em>,δόναντδιι</em></strong></span> <span class='ocrx_word' id='word_1_30' title='bbox 888 691 897 707; x_wconf 94' lang='grc'><strong>.</strong></span> <span class='ocrx_word' id='word_1_31' title='bbox 921 688 930 707; x_wconf 92' lang='grc'><strong>.</strong></span> <span class='ocrx_word' id='word_1_32' title='bbox 954 691 962 707; x_wconf 91' lang='grc'><strong>.</strong></span> <span class='ocrx_word' id='word_1_33' title='bbox 985 641 1119 708; x_wconf 76' lang='grc' dir='ltr'><strong><em>ἐσθίειν</em></strong></span> <span class='ocrx_word' id='word_1_34' title='bbox 1137 667 1164 708; x_wconf 87' lang='grc' dir='ltr'><strong><em>τι</em></strong></span> 
     </span>
     <span class='ocr_line' id='line_1_5' title="bbox 110 739 1164 832; baseline -0.002 -16"><span class='ocrx_word' id='word_1_35' title='bbox 110 752 165 816; x_wconf 81' lang='grc' dir='ltr'>καὶ</span> <span class='ocrx_word' id='word_1_36' title='bbox 189 745 384 815; x_wconf 75' lang='grc' dir='ltr'><strong><em>καθεύδειν.</em></strong></span> <span class='ocrx_word' id='word_1_37' title='bbox 444 746 587 831; x_wconf 76' lang='lat' dir='ltr'>Corrupit</span> <span class='ocrx_word' id='word_1_38' title='bbox 606 746 671 811; x_wconf 88' lang='lat' dir='ltr'>haee</span> <span class='ocrx_word' id='word_1_39' title='bbox 692 746 802 830; x_wconf 85' lang='lat' dir='ltr'>aliquis</span> <span class='ocrx_word' id='word_1_40' title='bbox 823 745 1014 831; x_wconf 78' lang='lat' dir='ltr'>interpositis</span> <span class='ocrx_word' id='word_1_41' title='bbox 1035 750 1104 832; x_wconf 88' lang='lat' dir='ltr'>post</span> <span class='ocrx_word' id='word_1_42' title='bbox 1123 739 1164 831; x_wconf 74' lang='grc' dir='ltr'>μό</span> 
     </span>
     <span class='ocr_line' id='line_1_6' title="bbox 109 847 1167 943; baseline -0.001 -20"><span class='ocrx_word' id='word_1_43' title='bbox 109 851 297 943; x_wconf 73' lang='grc' dir='ltr'><strong><em>ἡττηθῶσι,</em></strong></span> <span class='ocrx_word' id='word_1_44' title='bbox 318 855 357 920; x_wconf 88' lang='lat' dir='ltr'>de</span> <span class='ocrx_word' id='word_1_45' title='bbox 368 855 478 920; x_wconf 83' lang='lat' dir='ltr'>effectu</span> <span class='ocrx_word' id='word_1_46' title='bbox 488 853 608 919; x_wconf 83' lang='lat' dir='ltr'>seilicet</span> <span class='ocrx_word' id='word_1_47' title='bbox 620 853 750 932; x_wconf 86' lang='lat' dir='ltr'>timoris,</span> <span class='ocrx_word' id='word_1_48' title='bbox 764 854 882 919; x_wconf 86' lang='lat' dir='ltr'>dnobus</span> <span class='ocrx_word' id='word_1_49' title='bbox 904 853 1007 919; x_wconf 85' lang='lat' dir='ltr'>verbis</span> <span class='ocrx_word' id='word_1_50' title='bbox 1029 847 1167 941; x_wconf 76' lang='grc' dir='ltr'><strong><em>σ’θδμσς</em></strong></span> 
     </span>
     <span class='ocr_line' id='line_1_7' title="bbox 111 957 1168 1049; baseline 0.002 -21"><span class='ocrx_word' id='word_1_51' title='bbox 111 957 286 1049; x_wconf 74' lang='grc' dir='ltr'><strong><em>διάγουσιν</em></strong></span> <span class='ocrx_word' id='word_1_52' title='bbox 307 980 378 1026; x_wconf 88' lang='lat' dir='ltr'>oum</span> <span class='ocrx_word' id='word_1_53' title='bbox 400 960 565 1043; x_wconf 81' lang='lat' dir='ltr'>manifesta</span> <span class='ocrx_word' id='word_1_54' title='bbox 586 957 758 1042; x_wconf 83' lang='lat' dir='ltr'>tautologia</span> <span class='ocrx_word' id='word_1_55' title='bbox 788 960 821 1023; x_wconf 88' lang='lat' dir='ltr'>et</span> <span class='ocrx_word' id='word_1_56' title='bbox 840 959 886 1023; x_wconf 86' lang='lat' dir='ltr'>ite</span> <span class='ocrx_word' id='word_1_57' title='bbox 909 961 945 1023; x_wconf 92' lang='lat' dir='ltr'>ut</span> <span class='ocrx_word' id='word_1_58' title='bbox 976 961 1015 1026; x_wconf 89' lang='lat' dir='ltr'>de</span> <span class='ocrx_word' id='word_1_59' title='bbox 1037 964 1168 1030; x_wconf 83' lang='lat' dir='ltr'>exsilium</span> 
     </span>
     <span class='ocr_line' id='line_1_8' title="bbox 110 1065 1169 1148; baseline 0.003 -15"><span class='ocrx_word' id='word_1_60' title='bbox 110 1067 268 1134; x_wconf 86' lang='lat' dir='ltr'>elademre</span> <span class='ocrx_word' id='word_1_61' title='bbox 299 1065 480 1131; x_wconf 85' lang='lat' dir='ltr'>timentibus</span> <span class='ocrx_word' id='word_1_62' title='bbox 502 1065 623 1131; x_wconf 90' lang='lat' dir='ltr'>omuino</span> <span class='ocrx_word' id='word_1_63' title='bbox 649 1083 707 1130; x_wconf 92' lang='lat' dir='ltr'>non</span> <span class='ocrx_word' id='word_1_64' title='bbox 730 1065 863 1141; x_wconf 81' lang='lat' dir='ltr'>dicatur,</span> <span class='ocrx_word' id='word_1_65' title='bbox 890 1065 973 1146; x_wconf 88' lang='lat' dir='ltr'>quod</span> <span class='ocrx_word' id='word_1_66' title='bbox 995 1066 1056 1134; x_wconf 85' lang='lat' dir='ltr'>diei</span> <span class='ocrx_word' id='word_1_67' title='bbox 1077 1070 1169 1148; x_wconf 81' lang='lat' dir='ltr'>dehet</span> 
     </span>
     <span class='ocr_line' id='line_1_9' title="bbox 111 1168 1173 1256; baseline 0.005 -18"><span class='ocrx_word' id='word_1_68' title='bbox 111 1174 323 1256; x_wconf 78' lang='lat' dir='ltr'>praetereaque</span> <span class='ocrx_word' id='word_1_69' title='bbox 345 1170 393 1234; x_wconf 91' lang='lat' dir='ltr'>his</span> <span class='ocrx_word' id='word_1_70' title='bbox 416 1168 571 1251; x_wconf 81' lang='lat' dir='ltr'>dequarto</span> <span class='ocrx_word' id='word_1_71' title='bbox 592 1171 712 1236; x_wconf 88' lang='lat' dir='ltr'>timoris</span> <span class='ocrx_word' id='word_1_72' title='bbox 726 1190 856 1254; x_wconf 84' lang='lat' dir='ltr'>genere:</span> <span class='ocrx_word' id='word_1_73' title='bbox 877 1173 933 1237; x_wconf 78' lang='lat' dir='ltr'>uui</span> <span class='ocrx_word' id='word_1_74' title='bbox 957 1178 991 1240; x_wconf 75' lang='grc' dir='ltr'><strong><em>σι’</em></strong></span> <span class='ocrx_word' id='word_1_75' title='bbox 1003 1175 1173 1251; x_wconf 57' lang='grc' dir='ltr'>πλέοντες,Ὶ</span> 
     </span>
     <span class='ocr_line' id='line_1_10' title="bbox 108 1269 1170 1365; baseline 0.007 -23"><span class='ocrx_word' id='word_1_76' title='bbox 108 1274 158 1362; x_wconf 73' lang='grc' dir='ltr'>μή</span> <span class='ocrx_word' id='word_1_77' title='bbox 182 1269 407 1365; x_wconf 81' lang='grc' dir='ltr'><strong><em>ναυαγήσωσι,</em></strong></span> <span class='ocrx_word' id='word_1_78' title='bbox 436 1274 515 1356; x_wconf 89' lang='lat' dir='ltr'>quod</span> <span class='ocrx_word' id='word_1_79' title='bbox 537 1295 556 1341; x_wconf 92' lang='lat' dir='ltr'>a</span> <span class='ocrx_word' id='word_1_80' title='bbox 576 1276 777 1359; x_wconf 85' lang='lat' dir='ltr'>Xenophonte</span> <span class='ocrx_word' id='word_1_81' title='bbox 798 1296 857 1341; x_wconf 91' lang='lat' dir='ltr'>non</span> <span class='ocrx_word' id='word_1_82' title='bbox 879 1278 1090 1363; x_wconf 82' lang='lat' dir='ltr'>significatum</span> <span class='ocrx_word' id='word_1_83' title='bbox 1111 1301 1170 1348; x_wconf 86' lang='lat' dir='ltr'>esse</span> 
     </span>
     <span class='ocr_line' id='line_1_11' title="bbox 110 1378 1172 1472; baseline 0.004 -23"><span class='ocrx_word' id='word_1_84' title='bbox 110 1385 246 1468; x_wconf 87' lang='lat' dir='ltr'>apparet.</span> <span class='ocrx_word' id='word_1_85' title='bbox 292 1380 492 1447; x_wconf 84' lang='lat' dir='ltr'>Memorabile</span> <span class='ocrx_word' id='word_1_86' title='bbox 513 1378 637 1445; x_wconf 80' lang='lat' dir='ltr'>honest</span> <span class='ocrx_word' id='word_1_87' title='bbox 649 1383 822 1465; x_wconf 82' lang='lat' dir='ltr'>exemplum</span> <span class='ocrx_word' id='word_1_88' title='bbox 838 1382 1046 1452; x_wconf 84' lang='lat' dir='ltr'>additamenti</span> <span class='ocrx_word' id='word_1_89' title='bbox 1054 1393 1172 1472; x_wconf 87' lang='lat' dir='ltr'>propter</span> 
     </span>
     <span class='ocr_line' id='line_1_12' title="bbox 109 1485 1111 1559; baseline 0.003 -6"><span class='ocrx_word' id='word_1_90' title='bbox 109 1490 320 1555; x_wconf 90' lang='lat' dir='ltr'>membrorum</span> <span class='ocrx_word' id='word_1_91' title='bbox 343 1485 558 1553; x_wconf 87' lang='lat' dir='ltr'>eohaerentiam</span> <span class='ocrx_word' id='word_1_92' title='bbox 582 1485 659 1550; x_wconf 85' lang='lat' dir='ltr'>satis</span> <span class='ocrx_word' id='word_1_93' title='bbox 681 1487 806 1555; x_wconf 86' lang='lat' dir='ltr'>faoilem</span> <span class='ocrx_word' id='word_1_94' title='bbox 825 1509 886 1554; x_wconf 92' lang='lat' dir='ltr'>non</span> <span class='ocrx_word' id='word_1_95' title='bbox 907 1491 1111 1559; x_wconf 83' lang='lat' dir='ltr'>intellectam.</span> 
     </span>
    </p>

    <p class='ocr_par' dir='ltr' id='par_1_3' title="bbox 108 1591 1173 2102">
     <span class='ocr_line' id='line_1_13' title="bbox 208 1591 1172 1682; baseline 0.008 -25"><span class='ocrx_word' id='word_1_96' title='bbox 208 1591 276 1658; x_wconf 86' lang='lat' dir='ltr'><strong>Ibd.</strong></span> <span class='ocrx_word' id='word_1_97' title='bbox 299 1592 335 1670; x_wconf 76' lang='lat'>3,</span> <span class='ocrx_word' id='word_1_98' title='bbox 365 1593 404 1656; x_wconf 78' lang='lat'>21</span> <span class='ocrx_word' id='word_1_99' title='bbox 434 1591 629 1658; x_wconf 80' lang='lat' dir='ltr'>scribendum</span> <span class='ocrx_word' id='word_1_100' title='bbox 658 1613 674 1657; x_wconf 90' lang='lat' dir='ltr'>e</span> <span class='ocrx_word' id='word_1_101' title='bbox 702 1594 789 1659; x_wconf 81' lang='lat' dir='ltr'>codd.</span> <span class='ocrx_word' id='word_1_102' title='bbox 817 1596 847 1660; x_wconf 87' lang='lat' dir='ltr'>A</span> <span class='ocrx_word' id='word_1_103' title='bbox 879 1597 911 1662; x_wconf 90' lang='lat' dir='ltr'>et</span> <span class='ocrx_word' id='word_1_104' title='bbox 942 1597 969 1663; x_wconf 86' lang='lat' dir='ltr'><strong>G</strong></span> <span class='ocrx_word' id='word_1_105' title='bbox 995 1598 1097 1682; x_wconf 89' lang='lat' dir='ltr'>(utin</span> <span class='ocrx_word' id='word_1_106' title='bbox 1120 1601 1172 1665; x_wconf 90' lang='lat' dir='ltr'>hoo</span> 
     </span>
     <span class='ocr_line' id='line_1_14' title="bbox 108 1695 1172 1793; baseline 0.008 -28"><span class='ocrx_word' id='word_1_107' title='bbox 108 1718 213 1782; x_wconf 82' lang='lat' dir='ltr'>opere,</span> <span class='ocrx_word' id='word_1_108' title='bbox 251 1699 406 1784; x_wconf 87' lang='lat' dir='ltr'>optimis):</span> <span class='ocrx_word' id='word_1_109' title='bbox 444 1699 500 1764; x_wconf 78' lang='lat' dir='ltr'>eorl</span> <span class='ocrx_word' id='word_1_110' title='bbox 535 1711 607 1771; x_wconf 88' lang='grc' dir='ltr'><strong><em>τοῖς</em></strong></span> <span class='ocrx_word' id='word_1_111' title='bbox 639 1695 755 1772; x_wconf 78' lang='grc' dir='ltr'><strong><em>ἄλλοις</em></strong></span> <span class='ocrx_word' id='word_1_112' title='bbox 786 1709 901 1783; x_wconf 75' lang='grc' dir='ltr'><strong><em>θεοῖς,</em></strong></span> <span class='ocrx_word' id='word_1_113' title='bbox 936 1697 997 1777; x_wconf 77' lang='grc' dir='ltr'>οὓς</span> <span class='ocrx_word' id='word_1_114' title='bbox 1018 1699 1172 1793; x_wconf 77' lang='grc' dir='ltr'><strong><em>ἠγεῖτο,</em></strong></span> 
     </span>
     <span class='ocr_line' id='line_1_15' title="bbox 110 1798 1172 1896; baseline 0.003 -22"><span class='ocrx_word' id='word_1_115' title='bbox 110 1810 206 1882; x_wconf 79' lang='grc' dir='ltr'><strong><em>ἵλεως</em></strong></span> <span class='ocrx_word' id='word_1_116' title='bbox 229 1809 285 1874; x_wconf 80' lang='grc' dir='ltr'>καὶ</span> <span class='ocrx_word' id='word_1_117' title='bbox 307 1798 466 1890; x_wconf 85' lang='grc' dir='ltr'><strong><em>εῶμενεῖς</em></strong></span> <span class='ocrx_word' id='word_1_118' title='bbox 487 1803 590 1878; x_wconf 84' lang='grc' dir='ltr'><strong><em>ὄντας</em></strong></span> <span class='ocrx_word' id='word_1_119' title='bbox 611 1799 786 1892; x_wconf 77' lang='grc' dir='ltr'><strong><em>ἡγεμόνας</em></strong></span> <span class='ocrx_word' id='word_1_120' title='bbox 809 1806 982 1894; x_wconf 73' lang='grc' dir='ltr'><strong><em>γενέσθαι.</em></strong></span> <span class='ocrx_word' id='word_1_121' title='bbox 1025 1812 1172 1896; x_wconf 89' lang='lat' dir='ltr'>Alioquin</span> 
     </span>
     <span class='ocr_line' id='line_1_16' title="bbox 109 1904 1173 2002; baseline 0.005 -24"><span class='ocrx_word' id='word_1_122' title='bbox 109 1914 222 1979; x_wconf 81' lang='lat' dir='ltr'>saltem</span> <span class='ocrx_word' id='word_1_123' title='bbox 241 1913 414 1997; x_wconf 81' lang='lat' dir='ltr'>scripsisset</span> <span class='ocrx_word' id='word_1_124' title='bbox 441 1912 497 1991; x_wconf 80' lang='grc' dir='ltr'>καὶ</span> <span class='ocrx_word' id='word_1_125' title='bbox 518 1904 632 1999; x_wconf 77' lang='grc' dir='ltr'><strong><em>ᾐτεῖτο</em></strong></span> <span class='ocrx_word' id='word_1_126' title='bbox 655 1916 761 1994; x_wconf 83' lang='grc' dir='ltr'><strong><em>ἵλεως,</em></strong></span> <span class='ocrx_word' id='word_1_127' title='bbox 783 1934 843 1982; x_wconf 87' lang='lat' dir='ltr'>non</span> <span class='ocrx_word' id='word_1_128' title='bbox 867 1912 935 1992; x_wconf 82' lang='grc' dir='ltr'><strong><em>σῶς.</em></strong></span> <span class='ocrx_word' id='word_1_129' title='bbox 981 1917 1059 2001; x_wconf 80' lang='lat' dir='ltr'>(Oh.</span> <span class='ocrx_word' id='word_1_130' title='bbox 1081 1919 1099 2002; x_wconf 62' lang='grc' dir='ltr'><em>ξ</em></span> <span class='ocrx_word' id='word_1_131' title='bbox 1121 1921 1173 1984; x_wconf 79' lang='lat'>22:</span> 
     </span>
     <span class='ocr_line' id='line_1_17' title="bbox 110 2014 774 2102; baseline 0.002 -19"><span class='ocrx_word' id='word_1_132' title='bbox 110 2021 166 2086; x_wconf 85' lang='grc' dir='ltr'>καὶ</span> <span class='ocrx_word' id='word_1_133' title='bbox 189 2023 271 2093; x_wconf 84' lang='grc' dir='ltr'><strong><em>εἴτις</em></strong></span> <span class='ocrx_word' id='word_1_134' title='bbox 293 2016 395 2092; x_wconf 76' lang='grc' dir='ltr'><strong><em>ἄλλος</em></strong></span> <span class='ocrx_word' id='word_1_135' title='bbox 416 2014 502 2092; x_wconf 70' lang='grc' dir='ltr'><strong><em>θεός</em></strong></span> <span class='ocrx_word' id='word_1_136' title='bbox 524 2014 572 2085; x_wconf 90' lang='grc' dir='ltr'><strong><em>ῶν</em></strong></span> <span class='ocrx_word' id='word_1_137' title='bbox 594 2019 774 2102; x_wconf 77' lang='grc' dir='ltr'><strong><em>ἐφαίνετο.)</em></strong></span> 
     </span>
    </p>

    <p class='ocr_par' dir='ltr' id='par_1_4' title="bbox 111 2119 1174 2322">
     <span class='ocr_line' id='line_1_18' title="bbox 204 2119 1174 2214; baseline 0.004 -22"><span class='ocrx_word' id='word_1_138' title='bbox 204 2128 278 2192; x_wconf 78' lang='lat' dir='ltr'><strong>Ibd.</strong></span> <span class='ocrx_word' id='word_1_139' title='bbox 299 2127 317 2210; x_wconf 58' lang='grc' dir='ltr'>ᾗ</span> <span class='ocrx_word' id='word_1_140' title='bbox 340 2127 395 2190; x_wconf 83' lang='lat'>59:</span> <span class='ocrx_word' id='word_1_141' title='bbox 418 2122 492 2210; x_wconf 78' lang='grc' dir='ltr'>ἅμα</span> <span class='ocrx_word' id='word_1_142' title='bbox 522 2119 748 2210; x_wconf 89' lang='grc' dir='ltr'><strong><em>πορευόμενοι</em></strong></span> <span class='ocrx_word' id='word_1_143' title='bbox 777 2130 810 2191; x_wconf 85' lang='grc' dir='ltr'>οἱ</span> <span class='ocrx_word' id='word_1_144' title='bbox 836 2119 999 2212; x_wconf 76' lang='grc' dir='ltr'><strong><em>ὁμότιμοι</em></strong></span> <span class='ocrx_word' id='word_1_145' title='bbox 1027 2131 1174 2214; x_wconf 76' lang='grc' dir='ltr'><strong><em>φαιδροὶ,</em></strong></span> 
     </span>
     <span class='ocr_line' id='line_1_19' title="bbox 111 2225 1173 2322; baseline 0.007 -26"><span class='ocrx_word' id='word_1_146' title='bbox 111 2234 393 2313; x_wconf 74' lang='grc' dir='ltr'><strong><em>πεπαιδευμένοι,</em></strong></span> <span class='ocrx_word' id='word_1_147' title='bbox 416 2233 472 2298; x_wconf 77' lang='grc' dir='ltr'>καὶ</span> <span class='ocrx_word' id='word_1_148' title='bbox 498 2231 715 2315; x_wconf 77' lang='grc' dir='ltr'><strong><em>παρορῶντες</em></strong></span> <span class='ocrx_word' id='word_1_149' title='bbox 730 2236 779 2303; x_wconf 85' lang='grc' dir='ltr'>εἰς</span> <span class='ocrx_word' id='word_1_150' title='bbox 802 2225 969 2317; x_wconf 76' lang='grc' dir='ltr'><strong><em>α’λλήλους</em></strong></span> <span class='ocrx_word' id='word_1_151' title='bbox 993 2282 1001 2298; x_wconf 93' lang='grc'><strong>.</strong></span> <span class='ocrx_word' id='word_1_152' title='bbox 1025 2283 1036 2302; x_wconf 80' lang='grc'><strong>.</strong></span> <span class='ocrx_word' id='word_1_153' title='bbox 1059 2284 1068 2302; x_wconf 90' lang='grc'><strong>.</strong></span> <span class='ocrx_word' id='word_1_154' title='bbox 1091 2261 1173 2322; x_wconf 91' lang='grc' dir='ltr'><strong><em>παρ-</em></strong></span> 
     </span>
    </p>
   </div>
   <div class='ocr_carea' id='block_1_3' title="bbox 14 2331 1176 2422">
    <p class='ocr_par' dir='ltr' id='par_1_5' title="bbox 14 2331 1176 2422">
     <span class='ocr_line' id='line_1_20' title="bbox 14 2331 1176 2422; baseline 0.008 -21"><span class='ocrx_word' id='word_1_155' title='bbox 14 2393 18 2417; x_wconf 81' lang='grc'>,</span> <span class='ocrx_word' id='word_1_156' title='bbox 112 2332 257 2404; x_wconf 84' lang='grc' dir='ltr'><strong><em>εκῶλουν</em></strong></span> <span class='ocrx_word' id='word_1_157' title='bbox 290 2331 456 2420; x_wconf 77' lang='grc' dir='ltr'><strong><em>α’λλήλους</em></strong></span> <span class='ocrx_word' id='word_1_158' title='bbox 489 2343 648 2402; x_wconf 77' lang='grc' dir='ltr'><strong><em>ἕπεσθαι.</em></strong></span> <span class='ocrx_word' id='word_1_159' title='bbox 702 2337 797 2404; x_wconf 77' lang='lat' dir='ltr'>Codri.</span> <span class='ocrx_word' id='word_1_160' title='bbox 827 2339 886 2404; x_wconf 89' lang='lat' dir='ltr'>duo</span> <span class='ocrx_word' id='word_1_161' title='bbox 922 2341 1033 2422; x_wconf 87' lang='lat' dir='ltr'>optimi</span> <span class='ocrx_word' id='word_1_162' title='bbox 1074 2343 1176 2422; x_wconf 82' lang='lat' dir='ltr'>(AG)</span> 
     </span>
    </p>
   </div>
   <div class='ocr_carea' id='block_1_4' title="bbox 110 2441 1177 4130">
    <p class='ocr_par' dir='ltr' id='par_1_6' title="bbox 113 2441 1175 2742">
     <span class='ocr_line' id='line_1_21' title="bbox 113 2441 1174 2534; baseline 0.007 -26"><span class='ocrx_word' id='word_1_163' title='bbox 113 2445 249 2529; x_wconf 80' lang='grc' dir='ltr'><strong><em>φαιδροί</em></strong></span> <span class='ocrx_word' id='word_1_164' title='bbox 270 2471 317 2510; x_wconf 89' lang='grc' dir='ltr'>τε.</span> <span class='ocrx_word' id='word_1_165' title='bbox 361 2444 456 2509; x_wconf 86' lang='lat' dir='ltr'>Sorib.</span> <span class='ocrx_word' id='word_1_166' title='bbox 479 2443 644 2528; x_wconf 84' lang='lat' dir='ltr'>geminatis</span> <span class='ocrx_word' id='word_1_167' title='bbox 666 2443 783 2509; x_wconf 82' lang='lat' dir='ltr'>duabus</span> <span class='ocrx_word' id='word_1_168' title='bbox 804 2445 932 2511; x_wconf 85' lang='lat' dir='ltr'>litteris:</span> <span class='ocrx_word' id='word_1_169' title='bbox 955 2452 989 2512; x_wconf 86' lang='grc' dir='ltr'>οἱ</span> <span class='ocrx_word' id='word_1_170' title='bbox 1012 2441 1174 2534; x_wconf 81' lang='grc' dir='ltr'><strong><em>ὁμότιμοι</em></strong></span> 
     </span>
     <span class='ocr_line' id='line_1_22' title="bbox 113 2549 1175 2640; baseline 0.007 -23"><span class='ocrx_word' id='word_1_171' title='bbox 113 2553 249 2637; x_wconf 76' lang='grc' dir='ltr'><strong><em>φαιδροὶ</em></strong></span> <span class='ocrx_word' id='word_1_172' title='bbox 282 2559 390 2617; x_wconf 89' lang='grc' dir='ltr'><strong><em>οἵτε</em></strong></span> <span class='ocrx_word' id='word_1_173' title='bbox 420 2549 706 2632; x_wconf 65' lang='grc' dir='ltr'><strong><em>πεπαιδευμένοις</em></strong></span> <span class='ocrx_word' id='word_1_174' title='bbox 730 2553 762 2614; x_wconf 86' lang='lat' dir='ltr'>et</span> <span class='ocrx_word' id='word_1_175' title='bbox 791 2551 852 2627; x_wconf 79' lang='lat' dir='ltr'>illi,-</span> <span class='ocrx_word' id='word_1_176' title='bbox 881 2552 933 2634; x_wconf 88' lang='lat' dir='ltr'>qui</span> <span class='ocrx_word' id='word_1_177' title='bbox 954 2558 1068 2636; x_wconf 75' lang='lat' dir='ltr'>praeter</span> <span class='ocrx_word' id='word_1_178' title='bbox 1092 2552 1175 2640; x_wconf 76' lang='lat' dir='ltr'>ipses</span> 
     </span>
     <span class='ocr_line' id='line_1_23' title="bbox 113 2652 1174 2742; baseline 0.007 -20"><span class='ocrx_word' id='word_1_179' title='bbox 113 2652 303 2741; x_wconf 80' lang='grc' dir='ltr'><strong><em>ὁμοτίμους</em></strong></span> <span class='ocrx_word' id='word_1_180' title='bbox 337 2655 499 2737; x_wconf 83' lang='lat' dir='ltr'>disciplina</span> <span class='ocrx_word' id='word_1_181' title='bbox 527 2655 667 2720; x_wconf 83' lang='lat' dir='ltr'>adhibite</span> <span class='ocrx_word' id='word_1_182' title='bbox 691 2657 724 2721; x_wconf 93' lang='lat' dir='ltr'>in</span> <span class='ocrx_word' id='word_1_183' title='bbox 755 2675 918 2722; x_wconf 90' lang='lat' dir='ltr'>numerum</span> <span class='ocrx_word' id='word_1_184' title='bbox 939 2663 1057 2742; x_wconf 81' lang='lat' dir='ltr'>reseph</span> <span class='ocrx_word' id='word_1_185' title='bbox 1079 2668 1174 2729; x_wconf 89' lang='lat' dir='ltr'>erant.</span> 
     </span>
    </p>

    <p class='ocr_par' dir='ltr' id='par_1_7' title="bbox 111 2758 1176 3062">
     <span class='ocr_line' id='line_1_24' title="bbox 211 2758 1176 2856; baseline 0.009 -29"><span class='ocrx_word' id='word_1_186' title='bbox 211 2765 314 2845; x_wconf 64' lang='lat' dir='ltr'>lohe</span> <span class='ocrx_word' id='word_1_187' title='bbox 337 2763 376 2824; x_wconf 81' lang='grc'>62</span> <span class='ocrx_word' id='word_1_188' title='bbox 399 2781 472 2827; x_wconf 72' lang='lat' dir='ltr'>eon:</span> <span class='ocrx_word' id='word_1_189' title='bbox 497 2763 551 2827; x_wconf 82' lang='grc' dir='ltr'>καὶ</span> <span class='ocrx_word' id='word_1_190' title='bbox 576 2758 630 2828; x_wconf 79' lang='grc' dir='ltr'><strong><em>διό</em></strong></span> <span class='ocrx_word' id='word_1_191' title='bbox 655 2760 858 2847; x_wconf 30' lang='grc' dir='ltr'><strong><em>πόντιον-δή</em></strong></span> <span class='ocrx_word' id='word_1_192' title='bbox 882 2761 994 2850; x_wconf 90' lang='grc' dir='ltr'><strong><em>ῶσπερ</em></strong></span> <span class='ocrx_word' id='word_1_193' title='bbox 1020 2793 1176 2856; x_wconf 89' lang='grc' dir='ltr'><strong><em>παρεγ-</em></strong></span> 
     </span>
     <span class='ocr_line' id='line_1_25' title="bbox 112 2861 1175 2957; baseline 0.006 -22"><span class='ocrx_word' id='word_1_194' title='bbox 112 2865 192 2956; x_wconf 70' lang='lat' dir='ltr'>yria]</span> <span class='ocrx_word' id='word_1_195' title='bbox 218 2867 325 2942; x_wconf 79' lang='grc' dir='ltr'><strong><em>οὕτως</em></strong></span> <span class='ocrx_word' id='word_1_196' title='bbox 355 2861 466 2954; x_wconf 80' lang='grc' dir='ltr'><strong><em>ἐχώρει</em></strong></span> <span class='ocrx_word' id='word_1_197' title='bbox 488 2890 558 2951; x_wconf 89' lang='lat' dir='ltr'>pro:</span> <span class='ocrx_word' id='word_1_198' title='bbox 582 2865 695 2954; x_wconf 89' lang='grc' dir='ltr'><strong><em>ῶσπερ</em></strong></span> <span class='ocrx_word' id='word_1_199' title='bbox 719 2863 909 2957; x_wconf 76' lang='grc' dir='ltr'><strong><em>παρηγγύα.</em></strong></span> <span class='ocrx_word' id='word_1_200' title='bbox 963 2872 1073 2956; x_wconf 85' lang='lat' dir='ltr'>Neque</span> <span class='ocrx_word' id='word_1_201' title='bbox 1095 2878 1175 2941; x_wconf 88' lang='lat' dir='ltr'>enim</span> 
     </span>
     <span class='ocr_line' id='line_1_26' title="bbox 111 2973 1014 3062; baseline 0.004 -21"><span class='ocrx_word' id='word_1_202' title='bbox 111 2977 239 3061; x_wconf 87' lang='lat' dir='ltr'>proprie</span> <span class='ocrx_word' id='word_1_203' title='bbox 253 2973 433 3062; x_wconf 75' lang='grc' dir='ltr'><strong><em>παρηγγύα</em></strong></span> <span class='ocrx_word' id='word_1_204' title='bbox 456 2977 562 3060; x_wconf 80' lang='lat' dir='ltr'>Cyrus,</span> <span class='ocrx_word' id='word_1_205' title='bbox 585 2978 640 3042; x_wconf 86' lang='lat' dir='ltr'>sed</span> <span class='ocrx_word' id='word_1_206' title='bbox 662 2976 848 3060; x_wconf 77' lang='lat' dir='ltr'>comparatio</span> <span class='ocrx_word' id='word_1_207' title='bbox 870 2976 935 3041; x_wconf 85' lang='lat' dir='ltr'>haee</span> <span class='ocrx_word' id='word_1_208' title='bbox 957 2982 1014 3045; x_wconf 90' lang='lat' dir='ltr'>est.</span> 
     </span>
    </p>

    <p class='ocr_par' dir='ltr' id='par_1_8' title="bbox 110 3075 1177 3596">
     <span class='ocr_line' id='line_1_27' title="bbox 211 3075 1176 3172; baseline 0.005 -24"><span class='ocrx_word' id='word_1_209' title='bbox 211 3084 278 3148; x_wconf 89' lang='lat' dir='ltr'>Ibd.</span> <span class='ocrx_word' id='word_1_210' title='bbox 304 3087 323 3164; x_wconf 65' lang='grc' dir='ltr'>ξ</span> <span class='ocrx_word' id='word_1_211' title='bbox 353 3083 408 3148; x_wconf 82' lang='grc'>66;</span> <span class='ocrx_word' id='word_1_212' title='bbox 436 3077 523 3167; x_wconf 90' lang='grc' dir='ltr'><strong><em>πρός</em></strong></span> <span class='ocrx_word' id='word_1_213' title='bbox 546 3078 608 3156; x_wconf 82' lang='grc' dir='ltr'>τῶς</span> <span class='ocrx_word' id='word_1_214' title='bbox 630 3075 782 3155; x_wconf 79' lang='grc' dir='ltr'><strong><em>εἰσόδους</em></strong></span> <span class='ocrx_word' id='word_1_215' title='bbox 804 3083 868 3149; x_wconf 68' lang='lat' dir='ltr'>sori</span> <span class='ocrx_word' id='word_1_216' title='bbox 888 3077 1057 3169; x_wconf 79' lang='grc' dir='ltr'><strong><em>ἐρόματσς</em></strong></span> <span class='ocrx_word' id='word_1_217' title='bbox 1079 3081 1176 3172; x_wconf 82' lang='grc' dir='ltr'><strong><em>ἐτρό-</em></strong></span> 
     </span>
     <span class='ocr_line' id='line_1_28' title="bbox 112 3182 1175 3275; baseline 0.006 -21"><span class='ocrx_word' id='word_1_218' title='bbox 112 3216 220 3256; x_wconf 91' lang='grc' dir='ltr'><strong><em>ποντο</em></strong></span> <span class='ocrx_word' id='word_1_219' title='bbox 247 3193 302 3258; x_wconf 79' lang='grc' dir='ltr'>καὶ</span> <span class='ocrx_word' id='word_1_220' title='bbox 326 3182 395 3255; x_wconf 78' lang='grc' dir='ltr'><strong><em>α’πό</em></strong></span> <span class='ocrx_word' id='word_1_221' title='bbox 418 3191 486 3255; x_wconf 89' lang='grc' dir='ltr'><strong><em>τῶν</em></strong></span> <span class='ocrx_word' id='word_1_222' title='bbox 512 3190 667 3273; x_wconf 78' lang='grc' dir='ltr'><strong><em>κεφαλῶν</em></strong></span> <span class='ocrx_word' id='word_1_223' title='bbox 688 3191 756 3255; x_wconf 91' lang='grc' dir='ltr'><strong><em>τῶν</em></strong></span> <span class='ocrx_word' id='word_1_224' title='bbox 784 3190 894 3257; x_wconf 83' lang='grc' dir='ltr'><strong><em>ἔνδον.</em></strong></span> <span class='ocrx_word' id='word_1_225' title='bbox 947 3193 1091 3275; x_wconf 86' lang='lat' dir='ltr'>Ineptum</span> <span class='ocrx_word' id='word_1_226' title='bbox 1122 3198 1175 3260; x_wconf 84' lang='grc' dir='ltr'>καὶ</span> 
     </span>
     <span class='ocr_line' id='line_1_29' title="bbox 112 3296 1177 3379; baseline 0.005 -19"><span class='ocrx_word' id='word_1_227' title='bbox 112 3316 169 3361; x_wconf 88' lang='lat' dir='ltr'>nee</span> <span class='ocrx_word' id='word_1_228' title='bbox 189 3297 259 3373; x_wconf 84' lang='lat' dir='ltr'>ullae</span> <span class='ocrx_word' id='word_1_229' title='bbox 282 3298 370 3361; x_wconf 90' lang='lat' dir='ltr'>erant</span> <span class='ocrx_word' id='word_1_230' title='bbox 392 3297 535 3379; x_wconf 81' lang='grc' dir='ltr'><strong><em>κεφαλαὶ</em></strong></span> <span class='ocrx_word' id='word_1_231' title='bbox 558 3301 593 3362; x_wconf 86' lang='grc' dir='ltr'>αἱ</span> <span class='ocrx_word' id='word_1_232' title='bbox 614 3296 723 3362; x_wconf 77' lang='grc' dir='ltr'><strong><em>ἔνδον.</em></strong></span> <span class='ocrx_word' id='word_1_233' title='bbox 757 3297 934 3363; x_wconf 84' lang='lat' dir='ltr'>Desiderari</span> <span class='ocrx_word' id='word_1_234' title='bbox 955 3301 1084 3366; x_wconf 88' lang='lat' dir='ltr'>verbum</span> <span class='ocrx_word' id='word_1_235' title='bbox 1107 3321 1177 3367; x_wconf 90' lang='lat' dir='ltr'>sen-</span> 
     </span>
     <span class='ocr_line' id='line_1_30' title="bbox 112 3402 1176 3490; baseline 0.007 -25"><span class='ocrx_word' id='word_1_236' title='bbox 112 3404 219 3467; x_wconf 81' lang='lat' dir='ltr'>serunt</span> <span class='ocrx_word' id='word_1_237' title='bbox 239 3402 367 3480; x_wconf 83' lang='lat' dir='ltr'>librarii,</span> <span class='ocrx_word' id='word_1_238' title='bbox 389 3403 441 3485; x_wconf 91' lang='lat' dir='ltr'>qui</span> <span class='ocrx_word' id='word_1_239' title='bbox 463 3409 606 3484; x_wconf 80' lang='grc' dir='ltr'><strong><em>ἔφευγον</em></strong></span> <span class='ocrx_word' id='word_1_240' title='bbox 628 3403 681 3478; x_wconf 79' lang='lat' dir='ltr'>(D)</span> <span class='ocrx_word' id='word_1_241' title='bbox 704 3403 758 3465; x_wconf 81' lang='lat' dir='ltr'>aut</span> <span class='ocrx_word' id='word_1_242' title='bbox 779 3411 905 3489; x_wconf 83' lang='grc' dir='ltr'><strong><em>ε”φυγον</em></strong></span> <span class='ocrx_word' id='word_1_243' title='bbox 927 3405 968 3483; x_wconf 79' lang='lat' dir='ltr'>(G</span> <span class='ocrx_word' id='word_1_244' title='bbox 989 3412 1066 3490; x_wconf 86' lang='lat' dir='ltr'>mg.)</span> <span class='ocrx_word' id='word_1_245' title='bbox 1089 3408 1176 3472; x_wconf 80' lang='lat' dir='ltr'>eddi·</span> 
     </span>
     <span class='ocr_line' id='line_1_31' title="bbox 110 3501 1174 3596; baseline 0.008 -26"><span class='ocrx_word' id='word_1_246' title='bbox 110 3507 232 3572; x_wconf 85' lang='lat' dir='ltr'>derunt.</span> <span class='ocrx_word' id='word_1_247' title='bbox 255 3507 334 3572; x_wconf 69' lang='lat' dir='ltr'>Set:</span> <span class='ocrx_word' id='word_1_248' title='bbox 348 3511 401 3574; x_wconf 81' lang='grc' dir='ltr'>καὶ</span> <span class='ocrx_word' id='word_1_249' title='bbox 411 3501 480 3572; x_wconf 80' lang='grc' dir='ltr'><strong><em>α’πό</em></strong></span> <span class='ocrx_word' id='word_1_250' title='bbox 495 3508 562 3572; x_wconf 87' lang='grc' dir='ltr'><strong><em>τῶν</em></strong></span> <span class='ocrx_word' id='word_1_251' title='bbox 575 3507 730 3588; x_wconf 83' lang='grc' dir='ltr'><strong><em>κεφαλῶν</em></strong></span> <span class='ocrx_word' id='word_1_252' title='bbox 742 3503 905 3592; x_wconf 80' lang='grc' dir='ltr'><strong><em>ἐπήδων</em></strong></span> <span class='ocrx_word' id='word_1_253' title='bbox 917 3505 1174 3596; x_wconf 68' lang='grc' dir='ltr'><strong><em>(νατεπήδσινδλ.</em></strong></span> 
     </span>
    </p>

    <p class='ocr_par' dir='ltr' id='par_1_9' title="bbox 111 3606 1177 4016">
     <span class='ocr_line' id='line_1_32' title="bbox 212 3606 1177 3704; baseline 0.01 -28"><span class='ocrx_word' id='word_1_254' title='bbox 212 3614 280 3678; x_wconf 87' lang='lat' dir='ltr'>lbd.</span> <span class='ocrx_word' id='word_1_255' title='bbox 295 3614 312 3696; x_wconf 63' lang='grc' dir='ltr'>ξ</span> <span class='ocrx_word' id='word_1_256' title='bbox 325 3616 379 3676; x_wconf 82' lang='lat'>69:</span> <span class='ocrx_word' id='word_1_257' title='bbox 402 3606 645 3700; x_wconf 75' lang='grc' dir='ltr'><strong><em>παρηγγύησεν</em></strong></span> <span class='ocrx_word' id='word_1_258' title='bbox 656 3615 711 3678; x_wconf 79' lang='grc' dir='ltr'><strong><em>ἐπὶ</em></strong></span> <span class='ocrx_word' id='word_1_259' title='bbox 729 3610 807 3680; x_wconf 81' lang='grc' dir='ltr'><strong><em>πόδ’</em></strong></span> <span class='ocrx_word' id='word_1_260' title='bbox 828 3609 969 3700; x_wconf 76' lang='grc' dir='ltr'><strong><em>οἷνσέγειν</em></strong></span> <span class='ocrx_word' id='word_1_261' title='bbox 987 3625 1046 3694; x_wconf 85' lang='grc' dir='ltr'><strong><em>ε”ξσι</em></strong></span> <span class='ocrx_word' id='word_1_262' title='bbox 1063 3621 1177 3704; x_wconf 80' lang='grc' dir='ltr'><strong><em>βελῶν</em></strong></span> 
     </span>
     <span class='ocr_line' id='line_1_33' title="bbox 113 3719 1177 3811; baseline 0.01 -30"><span class='ocrx_word' id='word_1_263' title='bbox 113 3719 167 3781; x_wconf 81' lang='grc' dir='ltr'>καὶ</span> <span class='ocrx_word' id='word_1_264' title='bbox 191 3719 394 3786; x_wconf 74' lang='grc' dir='ltr'><strong><em>πείθεσθαι.</em></strong></span> <span class='ocrx_word' id='word_1_265' title='bbox 438 3720 526 3785; x_wconf 88' lang='lat' dir='ltr'>Nihil</span> <span class='ocrx_word' id='word_1_266' title='bbox 557 3719 638 3794; x_wconf 81' lang='lat' dir='ltr'>orat,</span> <span class='ocrx_word' id='word_1_267' title='bbox 673 3738 727 3782; x_wconf 89' lang='lat' dir='ltr'>eur</span> <span class='ocrx_word' id='word_1_268' title='bbox 760 3719 879 3786; x_wconf 83' lang='lat' dir='ltr'>iuberet</span> <span class='ocrx_word' id='word_1_269' title='bbox 915 3724 1055 3803; x_wconf 80' lang='lat' dir='ltr'>obedire,</span> <span class='ocrx_word' id='word_1_270' title='bbox 1090 3728 1177 3811; x_wconf 86' lang='lat' dir='ltr'>quasi</span> 
     </span>
     <span class='ocr_line' id='line_1_34' title="bbox 113 3817 1175 3905; baseline 0.012 -20"><span class='ocrx_word' id='word_1_271' title='bbox 113 3823 276 3905; x_wconf 87' lang='lat' dir='ltr'>imperium</span> <span class='ocrx_word' id='word_1_272' title='bbox 298 3828 500 3892; x_wconf 79' lang='lat' dir='ltr'>recusassent.</span> <span class='ocrx_word' id='word_1_273' title='bbox 543 3826 743 3891; x_wconf 75' lang='lat' dir='ltr'>Scribonium</span> <span class='ocrx_word' id='word_1_274' title='bbox 780 3828 963 3894; x_wconf 81' lang='lat' dir='ltr'>certissime:</span> <span class='ocrx_word' id='word_1_275' title='bbox 984 3833 1040 3897; x_wconf 82' lang='grc' dir='ltr'>καὶ</span> <span class='ocrx_word' id='word_1_276' title='bbox 1062 3817 1175 3898; x_wconf 80' lang='grc' dir='ltr'><strong><em>ὅπλα</em></strong></span> 
     </span>
     <span class='ocr_line' id='line_1_35' title="bbox 111 3932 851 4016; baseline 0.003 -23"><span class='ocrx_word' id='word_1_277' title='bbox 111 3933 273 3996; x_wconf 73' lang='grc' dir='ltr'><strong><em>θέσθαι</em></strong></span> <span class='ocrx_word' id='word_1_278' title='bbox 295 3933 369 4007; x_wconf 86' lang='lat' dir='ltr'>(und</span> <span class='ocrx_word' id='word_1_279' title='bbox 390 3933 457 3998; x_wconf 90' lang='lat' dir='ltr'>eine</span> <span class='ocrx_word' id='word_1_280' title='bbox 479 3932 625 4016; x_wconf 84' lang='lat' dir='ltr'>Stellung&#39;</span> <span class='ocrx_word' id='word_1_281' title='bbox 640 3951 677 3998; x_wconf 89' lang='lat' dir='ltr'>zu</span> <span class='ocrx_word' id='word_1_282' title='bbox 698 3932 851 4011; x_wconf 81' lang='lat' dir='ltr'>nahmen).</span> 
     </span>
    </p>

    <p class='ocr_par' dir='ltr' id='par_1_10' title="bbox 141 4031 1177 4130">
     <span class='ocr_line' id='line_1_36' title="bbox 141 4031 1177 4130; baseline 0.01 -30"><span class='ocrx_word' id='word_1_283' title='bbox 141 4101 145 4108; x_wconf 76' lang='grc'><em>,</em></span> <span class='ocrx_word' id='word_1_284' title='bbox 211 4037 278 4102; x_wconf 86' lang='lat' dir='ltr'>Lib.</span> <span class='ocrx_word' id='word_1_285' title='bbox 301 4039 354 4116; x_wconf 80' lang='lat' dir='ltr'>lv,</span> <span class='ocrx_word' id='word_1_286' title='bbox 381 4041 409 4116; x_wconf 75' lang='lat'>2,</span> <span class='ocrx_word' id='word_1_287' title='bbox 435 4040 474 4101; x_wconf 89' lang='grc'>13</span> <span class='ocrx_word' id='word_1_288' title='bbox 495 4058 572 4105; x_wconf 78' lang='lat' dir='ltr'>ser:</span> <span class='ocrx_word' id='word_1_289' title='bbox 601 4039 643 4104; x_wconf 84' lang='grc' dir='ltr'>Τι’</span> <span class='ocrx_word' id='word_1_290' title='bbox 676 4031 723 4116; x_wconf 79' lang='grc' dir='ltr'>δ’,·</span> <span class='ocrx_word' id='word_1_291' title='bbox 746 4033 818 4104; x_wconf 91' lang='grc' dir='ltr'>ουίι</span> <span class='ocrx_word' id='word_1_292' title='bbox 847 4033 903 4124; x_wconf 77' lang='grc' dir='ltr'>ἄρ’</span> <span class='ocrx_word' id='word_1_293' title='bbox 925 4056 992 4123; x_wconf 81' lang='lat' dir='ltr'>(pre</span> <span class='ocrx_word' id='word_1_294' title='bbox 1024 4035 1067 4107; x_wconf 86' lang='grc' dir='ltr'>οῶ</span> <span class='ocrx_word' id='word_1_295' title='bbox 1098 4039 1177 4130; x_wconf 83' lang='grc' dir='ltr'><strong><em>γῶρ)</em></strong></span> 
     </span>
    </p>
   </div>
   <div class='ocr_carea' id='block_1_5' title="bbox 0 0 1297 4530">
    <p class='ocr_par' dir='ltr' id='par_1_11' title="bbox 0 0 1297 4530">
     <span class='ocr_line' id='line_1_37' title="bbox 0 0 1297 4530; baseline 0 0"><span class='ocrx_word' id='word_1_296' title='bbox 0 0 1297 4530; x_wconf 95' lang='lat' dir='ltr'> </span> 
     </span>
    </p>
   </div>
  </div>
 </body>
</html>
