2580 4530
660 220 718 274 Lib.
738 221 775 277 ΙΙ.

380 425 462 505 ἔχων
484 431 705 503 πιερωασῑοιν
727 415 878 502 ἅρμασιν
901 419 1008 490 θετόν

381 521 532 611 εὔσημόν
553 553 590 591 τε
613 519 732 609 φάσμα
754 522 954 613 ναυβάταις.
1019 590 1023 597 ,

280 632 461 716 Demophon
483 633 602 718 insigne
614 624 711 697 'navis
733 626 840 700 habuit
854 634 1027 700 Minervam
1047 633 1244 700 insistentem

180 741 280 803 currui
312 757 457 820 equorum
479 738 641 804 alatomm.
673 737 744 814 (cfr.
767 740 873 819 Horat.
903 740 951 805 od.
972 741 999 819 Ι,
1024 739 1071 819 15,
1096 741 1152 802 11;
1180 741 1245 803 iam

179 848 299 930 galeam
310 844 414 911 Pallas
438 846 470 910 et
490 830 590 930 aegida
612 861 777 927 currusque
799 847 830 910 et
843 846 961 911 rabiem
983 847 1086 929 parat3
1109 845 1245 911 Pausan.

178 951 265 1026 VIII,
287 951 338 1041 47,
362 952 396 1027 1;
415 947 452 1013 O.
476 947 511 1015 Ο.
534 948 675 1039 Muelleri
696 951 835 1017 archaeol.
858 937 961 1035 §aar
985 953 1026 1033 3.)
1057 950 1119 1017 Sed
1141 970 1245 1034 neque

179 1052 343 1144 μανύχαν
365 1054 542 1149 appellatio,
563 1055 702 1138 quamvis
725 1059 827 1121 omnia
848 1056 1026 1135 moliantur,
1048 1057 1086 1121 ad
1103 1053 1244 1142 ripparii

179 1162 405 1229 accommodari
426 1161 527 1244 potest
537 1179 635 1244 neque
651 1161 758 1227 θετόν
771 1157 895 1248 φάσμα
906 1156 1068 1247 quisquam
1091 1163 1243 1246 expediet.

179 1269 280 1350 (Quod
310 1267 466 1333 Nauckius
506 1265 544 1329 de
584 1261 696 1350 θειήν
732 1266 895 1352 cogitarit,
940 1287 1037 1352 neque
1071 1264 1160 1353 θεεή
1195 1263 1245 1335 es't

178 1384 319 1441 τεθεῖσα
349 1392 446 1455 neque
468 1372 572 1437 Pallas
603 1374 704 1438 currui
731 1375 878 1440 insistens
904 1383 1044 1442 τεθεῖσα
1068 1381 1104 1441 ἐν
1131 1372 1244 1459 ἅρμα-

180 1508 233 1547 σιν
247 1483 380 1556 dicitur.)
412 1477 553 1556 videtur,
576 1498 645 1543 cum
667 1481 767 1561 poeta,
789 1483 824 1546 ut
845 1501 935 1565 saepe,
958 1502 1014 1566 pro
1037 1501 1127 1546 curru
1149 1486 1243 1565 equos

177 1589 381 1663 nominasset,
418 1581 567 1670 ἅρμασιν
600 1584 760 1651 enarrandi
783 1605 875 1653 causa
897 1566 1087 1672 adscriptum
1114 1589 1243 1672 eiusque

177 1695 287 1758 ultima
309 1693 427 1776 syllaba
448 1692 586 1771 nocuisse
615 1690 763 1757 adiectivo
792 1693 940 1776 sequenti.
993 1694 1134 1777 Suspicor
1157 1695 1242 1760 enim

178 1798 352 1882 Euripidem
376 1799 548 1880 scripsisse:
1200 1876 1204 1881 ,

297 1897 451 1970 ,Παλλάδ’
466 1908 502 1969 ἓν
516 1898 685 1990 μωνύχοις
703 1911 784 1989 ἔχων
801 1915 1035 1986 ασερωτσῑσιν,
1059 1902 1242 1973 εὔθετον

296 2006 449 2095 εὔσημόν
470 2036 506 2074 τε
530 2005 648 2094 φάσμα
671 2009 872 2095 ναυβάταις,

176 2122 206 2184 h.
219 2141 252 2196 e,
276 2122 382 2202 aptum
402 2115 555 2199 faustique
577 2115 687 2179 ominis
703 2115 913 2196 spectaculum
929 2117 1041 2183 nautis.
1079 2119 1115 2182 In
1138 2139 1241 2195 versu,

178 2228 228 2309 qui
249 2224 320 2289 huic
340 2212 523 2306 respondet
545 2220 684 2286 tollenda
716 2221 764 2284 est
796 2210 1023 2303 supervacanea
1054 2242 1112 2289 vox
1139 2221 1241 2291 θεαίι

245 2334 396 2416 χρυσέαις
419 2321 448 2394 δ’
470 2323 598 2393 εἰκόσιν
621 2320 691 2391 κατ’
715 2323 799 2410 ἄκρα
824 2327 985 2415 Νηρῇδες
1007 2337 1162 2397 ἕστασαν.

275 2434 343 2503 lbd.
366 2435 426 2499 261
450 2452 515 2518 sqq.
538 2431 754 2521 scribendum:

377 2539 527 2613 Φωκίδος
549 2531 578 2604 d'
600 2533 669 2603 α’πό
692 2535 820 2624 χθονός
883 2544 886 2549 “

375 2646 542 2731 Λοκρᾶς
563 2671 605 2711 τε
627 2637 733 2710 τοῖσδ’
754 2645 827 2716 ἴσας
849 2643 940 2732 ἄγων

375 2742 420 2839 ἦν
443 2753 529 2826 ναῦς
543 2752 678 2824 ,Οἰλέως
700 2744 798 2829 adcor
821 2776 849 2816 ιι.
872 2777 902 2817 a.
926 2753 954 2815 λ.

176 2861 271 2928 codd.
293 2861 444 2947 Λοκροῖς
463 2860 510 2928 δέ.

180 3054 183 3059 ¹
274 2968 342 3035 lbd.
366 2968 427 3033 283
448 2987 493 3051 sq.
518 2962 728 3031 scribendum:

376 3064 625 3157 Λευιιηρεσμον
649 3062 677 3148 δ’
695 3065 797 3151 ’Ἄρη

382 3180 551 3264 Ταφίων
574 3167 696 3261 ἦγον,
720 3162 767 3237 οἷν
791 3175 907 3260 Μέγης
930 3172 1067 3248 ἄνασσε,

176 3285 206 3349 b.
229 3305 266 3363 e,
295 3286 481 3370 Taphionum
509 3302 602 3349 naves
631 3281 678 3346 illi
709 3280 843 3364 agebant
869 3281 973 3357 (remis
995 3280 1237 3362 promovebant),

178 3394 285 3475 quibus
308 3392 480 3473 imperabat
501 3390 615 3472 Meges.
661 3385 786 3452 Codices
815 3379 946 3469 Τάφιον
968 3375 1060 3472 ἦγεν.

271 3498 343 3567 lbd.
369 3497 440 3573 366,
463 3497 521 3557 367
547 3493 642 3562 oratio
665 3493 709 3557 sic
730 3492 975 3576 interpungenda
996 3495 1059 3557 est:

218 3606 334 3687 μυρίοι
358 3604 392 3668 dr'
413 3629 464 3667 σοι
488 3597 683 3668 αεπόνθασ
707 3595 807 3666 αὐτό·
831 3593 917 3681 πρός
939 3594 980 3663 ια’
1004 3590 1189 3682 πράγματα

220 3703 399 3777 εἀπσνοὺσ
420 3705 567 3784 ἐνόντες,
591 3711 662 3776 εἶτα
687 3702 715 3773 δ”
738 3701 943 3791 ἐξεχώρησαν
965 3705 1082 3776 κακῶς.

178 3819 334 3897 (leimis
361 3816 394 3880 id
422 3816 548 3880 accidit:
579 3814 743 3898 capessunt
764 3829 813 3876 res
834 3810 977 3892 prompti,
1004 3807 1112 3872 deinde
1134 3807 1240 3889 cet.)¹)

287 3934 328 3941 ...-

208 3980 230 4049 ²)
249 3980 281 4036 V.
300 3984 352 4037 373
368 3984 438 4050 qnod
457 3984 664 4045 emendaveram.
689 3977 815 4048 pracepit
832 3959 965 4031 Reislrius.
1004 3975 1074 4030 Nam
1092 3975 1120 4027 in
1141 3973 1239 4041 χρέους

249 4073 355 4127 subesse
385 4075 481 4142 γένυος
508 4079 536 4128 et
565 4075 717 4129 litterarum
741 4069 857 4138 vestigia
880 4068 1026 4122 ostendunt
1050 4070 1078 4122 et
1096 4064 1238 4120 sententia.
