2626 4530
577 286 636 341 Lib.
656 288 678 340 I.
1061 289 1119 352 155

96 487 228 569 τρέφει,
274 485 578 570 καὶπεριὲρχειοιι
618 480 770 569 πόλεμος
803 470 917 551 nisiae
952 481 1013 552 oda
1047 494 1160 572 ἔχωνῆ

98 591 255 668 (Alterum
276 591 335 655 hcc
356 594 404 655 est
425 591 659 656 declamationis
681 592 805 657 thema:
828 599 860 658 ol
884 588 1078 678 κρινόμενοι
1105 597 1160 661 ἐπὶ

97 698 145 781 τῷ
165 705 407 780 μισθοφορεῖν.
448 698 548 782 Vulgo
566 697 636 760 'hac
658 717 728 761 cum
746 699 847 763 verbis
869 698 1067 782 sequentibus
1089 719 1161 765 con-

96 805 271 881 tinuantur,
302 804 390 886 quasi
418 805 520 868 omnia
542 823 577 867 ex
598 802 840 877 Demosthenic'a
860 803 915 868 illa
938 804 1159 873 declamatione

98 909 263 990 desumpta
285 909 369 988 sint.)
901 956 905 963 ι
1042 942 1044 947 ·

200 1016 285 1092 (LII)
310 1015 395 1089 Inter
416 1015 589 1099 fragmenta
607 1012 767 1077 Ciceronis
795 1012 946 1078 librorum
972 1016 1160 1081 incertorum

96 1119 222 1202 ponitur
232 1121 288 1184 hoc
301 1138 317 1183 c
330 1120 429 1195 Nonio
441 1141 471 1203 p.
483 1110 544 1182 2¹25
564 1120 656 1192 (Bait.
672 1119 813 1183 etHalm.
826 1118 871 1183 IV
882 1140 911 1202 p.
928 1121 1017 1198 1059,
1036 1122 1119 1186 Bait.
1130 1124 1162 1187 ct

97 1227 195 1310 Kays.
217 1226 264 1290 XI
286 1247 315 1309 p.
340 1228 427 1303 141):
459 1226 539 1289 Prae
561 1224 877 1308 negotiatoribus
902 1226 1053 1291 Achaeis
1075 1247 1162 1311 syn-

97 1334 284 1418 graphas,
320 1334 411 1415 quas
443 1332 581 1396 nostra
613 1329 815 1395 voluntate
834 1332 1159 1414 conscripsimus.

96 1439 217 1504 Nonius
233 1438 420 1503 exoratione
441 1457 506 1522 pro
529 1436 1022 1520 negotiatoribusdchaeis
1043 1438 1161 1520 reliqua

96 1546 191 1611 verba
211 1544 365 1626 posuerat.
503 1528 505 1533 ἲ
565 1548 567 1554 ’

543 1741 627 1824 Cap.
659 1742 716 1806 lV.
805 1712 809 1728 “
890 1790 894 1803 .

96 1860 303 1916 Probabilitatin
321 1861 418 1915 critica
441 1861 471 1914 in
494 1859 573 1913 rebus
592 1858 774 1927 grammaticis
797 1857 960 1912 aestimanda
980 1859 1054 1929 leges
1072 1859 1158 1929 expli·

243 1955 339 2010 cantur
356 1955 384 2006 et
399 1955 471 2006 certo
490 1951 670 2022 exemplorum
688 1966 784 2020 genere
802 1949 1010 2021 declarantur1).

195 2058 356 2139 Proprium
383 2058 535 2140 quoddam
571 2058 619 2121 est
656 2074 753 2140 genus
786 2055 1046 2137 emendationum,
1081 2079 1157 2142 quas
1272 2104 1276 2111 ,

96 2163 315 2244 grammaticas
351 2163 504 2246 appellare
535 2162 623 2236 licet,
658 2163 697 2226 ad
727 2161 951 2251 restituendam
985 2164 1158 2248 legitimam

97 2268 241 2333 orationis
274 2269 460 2333 structuram
492 2269 612 2333 mendis
644 2267 787 2333 vitiatam
819 2268 991 2350 pertinens,
1033 2270 1066 2334 in
1099 2291 1157 2354 quo
1256 2274 1258 2278 ’

99 2374 280 2438 emendandi
295 2374 462 2439 necessitas
484 2374 654 2447 conficitur,
678 2393 748 2437 cum
770 2376 954 2457 comparatis
976 2377 1158 2454 rationibus,

98 2500 164 2562 qna
189 2499 226 2542 ex
248 2481 397 2544 sermonis
417 2499 475 2543 usu
497 2483 528 2543 et
551 2480 723 2544 constantia
736 2480 897 2556 ducuntur,
920 2486 952 2547 ct
973 2483 1158 2548 testimoniis

97 2586 304 2676 exemplisque
335 2586 509 2666 ponderatis
543 2587 784 2660 demonstratur,
814 2606 875 2651 non
903 2589 986 2652 credi
1008 2609 1113 2671 posse,
1141 2610 1160 2654 a

97 2692 255 2755 communi
286 2692 353 2774 lege
381 2691 426 2756 ita
455 2693 629 2756 aberratum
666 2693 703 2756 ab
740 2692 816 2777 ipsis
850 2695 1047 2775 scriptoribus
1083 2715 1159 2771 esse,

97 2797 356 2880 quemadmodum
382 2796 414 2859 in
444 2795 598 2862 codicibus
622 2817 724 2863 eorum
748 2799 916 2864 aberretur.
965 2802 1010 2865 llo
1033 2801 1159 2865 demon-

96 2891 197 2967 strato'
223 2903 286 2966 fere
309 2921 370 2966 una
396 2903 436 2966 et
453 2902 583 2984 simplex
611 2906 663 2966 aut
685 2906 766 2968 certe
789 2924 856 2975 non
873 2906 1032 2988 multiplex
1056 2907 1159 2970 osten·

95 3009 179 3073 ditur
201 3009 313 3073 menda
342 3027 378 3072 cx
406 3008 561 3072 commoni
592 3009 712 3072 errandi
739 3012 966 3092 opportunitate
996 3013 1062 3076 orta
1092 3030 1159 3075 cor-

96 3115 218 3198 rigendi
239 3116 307 3190 via;
336 3114 492 3179 interdum
515 3115 620 3177 tamen
651 3115 804 3197 graviores
838 3119 868 3180 et
901 3135 935 3180 ex
963 3118 1033 3181 aliis
1059 3116 1159 3180 causis

97 3223 156 3285 orti
186 3239 302 3285 errores
330 3219 531 3304 grammatico
559 3219 633 3284 vitio
662 3223 874 3304 coarguuntur.
926 3222 1026 3285 Huius
1055 3238 1160 3284 emen-

96 3326 188 3390 dandi
211 3327 330 3409 generis
352 3327 456 3407 plures
477 3325 594 3407 species
609 3325 640 3388 in
651 3320 769 3392 Latinis
792 3328 992 3410 scriptoribus
1015 3325 1158 3390 coniunc-

95 3435 152 3496 tim
174 3431 323 3517 tractavi;
345 3433 482 3496 hocloco
499 3430 633 3513 speciem
649 3432 783 3514 aliquam
800 3434 838 3498 ad
851 3433 974 3501 Graecos
997 3431 1158 3512 scriptores

95 3539 301 3620 pertinentem
328 3538 431 3618 placet
460 3537 602 3602 universe
629 3539 763 3604 tractare
790 3559 850 3603 non
879 3539 945 3601 tam
967 3535 1158 3619 singulorum

124 3732 147 3805 ¹)
166 3734 361 3792 Grammaticus
379 3739 538 3807 questiones
556 3739 600 3792 hic
619 3755 663 3792 eas
680 3740 752 3793 solas
770 3741 886 3806 attingo,
906 3751 964 3806 que
984 3733 1159 3789 adorationis

166 3830 298 3883 struenda
317 3831 391 3898 leges
409 3832 547 3900 pertinent
566 3832 759 3902 (syntecticas).
792 3830 862 3882 Nam
882 3827 914 3881 dc
933 3827 1001 3895 ipsis
1019 3827 1159 3881 verborum

165 3919 258 3975 formis
271 3925 299 3977 et
312 3922 537 3977 declinationibus
553 3925 629 3993 (quas
642 3924 766 3978 flexiones
779 3938 849 3975 nunc
864 3921 971 4001 uocant)
984 3922 1038 3991 aut
1050 3920 1158 3974 omnino

165 4013 245 4067 rectis
257 4018 304 4068 aut
316 4016 388 4085 apud
401 4032 532 4085 quemque
545 4017 701 4085 scriptorem
714 4013 857 4084 probandis
869 4010 1005 4081 querendi
1024 4013 1159 4066 cantiones
1190 4057 1193 4063 .

167 4107 289 4175 persequi
306 4125 323 4162 a
340 4125 398 4163 mec
417 4108 554 4176 proposito
572 4109 690 4164 alienum
707 4108 756 4160 est.
