2580 4530
628 258 689 316 Lib.
707 258 731 316 1.
1134 261 1174 325 pp

106 460 329 544 imputatione
355 461 499 544 egentes
520 459 740 539 tractabimus,
771 480 842 526 eum
868 460 909 525 ad
933 461 1034 543 ipsum
1054 462 1088 526 in
1110 462 1216 528 ordine

108 569 237 631 rentum
262 566 346 644 erit,
372 566 416 631 de
439 566 526 650 legg.
548 564 611 629 XII
632 586 661 650 p.
684 566 745 629 967
760 567 791 631 Α
810 585 847 631 ex
867 568 997 632 οἴονται
1017 572 1126 633 natum
1147 587 1218 634 esse

112 667 180 737 οἷόν
207 698 250 738 τε
282 671 469 738 ostendam
490 672 586 754 poulo
608 674 687 756 post,
717 675 772 738 ubi
800 673 930 738 eundem
957 674 1066 738 locum·
1089 672 1215 757 propter

114 776 432 844 aeeommodationis
448 796 589 843 errorem
604 780 860 844 commemorabo.
874 807 879 819 =
893 780 1010 844 Littera
1023 781 1217 845 unamutata

118 890 157 950 est
177 885 272 968 apud
294 884 496 949 Strabonem
518 884 566 948 VI
586 904 616 968 p.
640 886 710 963 257,
740 884 793 968 qni
821 884 859 948 de
881 885 999 967 Rhegio
1027 884 1214 949 conditorio

121 991 309 1074 scripserat:
344 983 395 1062 eie
426 983 456 1055 δ’
478 983 668 1076 Ἀντίοχός
698 1015 792 1076 φησι,
824 992 1015 1077 Ζαγκλαῖοι
1042 993 1216 1073 μετεπέμ-

124 1118 226 1163 αοντσ
277 1090 372 1169 τούς
418 1097 623 1168 Χαλκιδέας1
663 1088 716 1164 καὶ
766 1092 920 1182 οἰκιστήν
959 1086 1214 1179 Ἀντίμνηοκον

126 1209 346 1286 συνέστησαν
369 1203 568 1288 (ᾶθᾱθῑσσϊ)·
597 1201 882 1289 ἐκοινώνησαν
912 1203 946 1268 ‹ie
968 1201 1029 1287 τῆς
1051 1196 1212 1276 α’ποικίας

129 1311 346 1395 Μεσσηνίαν
370 1302 523 1397 φυγάδες
545 1311 614 1374 τῶν
636 1316 672 1375 ἐν
693 1307 964 1394 Πελοποννήσῳ.
1012 1309 1150 1373 Librario
1176 1328 1212 1374 ex

128 1418 229 1499 primis
252 1415 353 1499 verbi
374 1415 489 1480 litteris
502 1416 624 1480 obieeta
645 1418 692 1480 est
712 1416 829 1500 speeies
850 1414 1040 1500 pronominis
1064 1417 1213 1494 ἐκείνων,

129 1524 224 1607 itaque
248 1541 321 1586 una
345 1521 455 1586 littera
474 1524 601 1586 mutata
622 1522 761 1605 scripsit,
791 1525 826 1587 ut
853 1523 973 1587 editur:
1002 1523 1212 1603 συνέστησαν

131 1633 281 1695 ἐκείνων·
307 1618 403 1712 ἦσαν
427 1627 460 1692 δὲ
481 1664 535 1705 -,
558 1628 734 1710 pronomine
753 1629 868 1695 vitioso
886 1628 1031 1711 (debebat
1056 1628 1153 1705 enim,
1175 1632 1211 1691 ut

131 1736 223 1819 aliqua
259 1736 356 1800 esset
388 1733 562 1811 sententia,
607 1753 672 1798 esse
707 1739 740 1810 ἐξ
772 1736 931 1817 ἑαυτῶν),
972 1733 1084 1797 vitiosa
1115 1734 1210 1798 etiam

132 1844 264 1921 proxima
300 1838 460 1914 oratione3
505 1858 607 1923 neque
647 1841 729 1905 enim
762 1841 906 1907 Graecum
944 1842 992 1904 est
1028 1838 1114 1904 εἶναι
1148 1838 1210 1922 τῆς

133 1940 292 2020 ἀποικίας
314 1963 375 2028 pro
398 1947 556 2031 μετέχειν
581 1949 635 2012 aut
656 1947 873 2030 uocomveiffl).

204 2051 379 2118 Plutarchi
403 2052 590 2135 quaestiones
621 2053 791 2119 convivales
820 2053 879 2118 ets'i
902 2051 1013 2116 merito
1043 2069 1062 2115 a
1088 2050 1211 2133 paneis·

134 2159 210 2224 imis
232 2158 457 2242 perleguntur,
479 2159 588 2223 tamen
609 2160 720 2224 mirere
739 2159 772 2222 in
793 2159 870 2223 libro
892 2156 1164 2241 aWyttenbaehio
1178 2158 1209 2221 et

134 2262 294 2328 Doebnero
307 2264 394 2328 edito
405 2265 471 2328 haeo
482 2265 594 2328 relicta
606 2282 671 2328 esse
679 2266 788 2344 V‚3‚e,
796 2265 814 2326 6
822 2264 906 2347 (pti
910 2263 983 2346 iiii),
995 2264 1048 2328 nbi
1055 2263 1210 2327 inducitur

135 2369 226 2433 metor
249 2389 329 2434 eum
354 2370 434 2435 falsa
455 2370 560 2452 speeie
582 2368 727 2434 doetrinae
754 2371 792 2434 de
821 2370 941 2435 eoronis
969 2369 1001 2433 in
1023 2369 1103 2434 ludis
1125 2370 1209 2432 Ith-

135 2477 194 2540 niis
216 2475 395 2553 disserens,
420 2495 458 2540 ne
481 2476 521 2539 ad
545 2474 722 2540 Graecorum
743 2476 866 2559 quidem
887 2477 1048 2540 verborum
1076 2474 1209 2557 speeiem

135 2581 333 2665 ικασευμαι)
359 2581 508 2646 addueta:
527 2571 716 2655 Ἤκουσα,
741 2582 849 2656 εἶπεν,
873 2576 935 2646 οὐκ
949 2575 1077 2666 σῖνέγνα
1092 2588 1212 2646 κακον·

138 2692 188 2751 ιιαί
211 2715 268 2753 σοι
295 2681 367 2770 τήν
389 2689 507 2762 πίτυν,
531 2681 576 2760 οἷς
597 2682 658 2755 συίι
683 2689 885 2754 ἐπείσακτον
913 2681 992 2753 οὐδὲ
1016 2691 1094 2752 νιόν
1121 2681 1208 2752 οἷλλσί

137 2790 279 2877 ,ιιίιριον
294 2795 355 2858 καὶ
369 2789 521 2859 παλαιόν
534 2795 567 2860 δὲ
584 2790 787 2880 στεμμάτων
799 2788 968 2879 Ἰσθμίων
981 2788 1211 2877 σεμνύνοντες

136 2924 287 2986 εισιτσεν
321 2894 369 2964 οὐ
397 2904 493 2973 νέους
516 2895 560 2972 οἷς
584 2895 628 2966 ἄν
649 2897 862 2986 πολυμαθής
896 2895 983 2986 α’νήρ
1017 2903 1070 2965 καὶ
1102 2903 1209 2964 πολυ-

136 3004 355 3092 γράμματος.
406 3007 546 3071 Pn'mum
569 3028 630 3073 una
650 3011 749 3074 vocali
777 3008 897 3073 mutata
930 3013 963 3084 (α
993 3008 1025 3071 in
1054 3033 1069 3071 ε
1098 3008 1129 3070 in
1156 3005 1211 3068 illo

85 3130 87 3141 ·
137 3116 329 3199 rensuum),
353 3113 528 3187 litterisque
551 3116 703 3178 terneete
725 3114 831 3179 divisis
853 3115 1032 3179 habebimus
1056 3112 1210 3176 hominem

137 3224 303 3286 ¹··rrtionem
319 3220 371 3284 sie
381 3219 511 3300 superbe
525 3217 761 3303 interrogatione
772 3222 1005 3285 terminantem:
1024 3211 1078 3284 Ἤ
1089 3217 1209 3288 ταυτα,

85 3310 87 3317 ¹
139 3328 243 3403 ιίῑιεν,
278 3320 348 3392 οὐκ
374 3317 637 3411 α’νεννώκατσ
660 3319 783 3410 ὑμεῖς
806 3332 845 3391 οἱ
867 3322 931 3410 κήν
954 3326 1059 3391 πίτυν
1082 3318 1126 3394 m‘r
1147 3313 1210 3385 οὐκ

139 3437 339 3501 ἐπείσακτον
365 3425 444 3496 οὐδὲ
467 3435 564 3504 νέον,
602 3423 866 3516 α’λλοίπιίτρισν
895 3433 949 3496 καὶ
987 3424 1135 3494 παλαιόν
1168 3425 1210 3510 δή

139 3543 184 3607 ¹sie
203 3539 434 3607 scribendum:
458 3536 628 3620 scilieet)
652 3542 811 3621 στέμμα
834 3540 912 3604 τῶν
933 3531 1103 3617 Ἰσθμίων
1126 3556 1211 3615 σιμ-

85 3706 87 3711 .
141 3644 296 3722 νίψοντες
303 3674 316 3726 ,·
353 3643 479 3710 Deinde
497 3642 681 3709 Plutarohus
716 3647 859 3710 effectum
894 3642 1032 3727 gloriosae
1064 3639 1210 3704 orationis

85 3728 87 3747 Ι
146 3758 278 3822 mendit:
325 3749 519 3834 Ἐκίνηοεν
562 3740 626 3814 οὖν
658 3754 755 3823 νέους
791 3744 885 3834 (τούς
913 3750 1045 3830 νιόυςῗ)
1084 3741 1127 3820 οἷς
1166 3740 1211 3812 σῖν

159 3996 176 4025 ¹·
193 3998 270 4051 Idem
292 3993 401 4050 Strabo
432 3991 446 4043 I
478 4005 506 4057 p.
527 3990 562 4042 20
587 4005 639 4042 non
670 3990 779 4058 scripsit
806 3986 855 4040 τὸν
875 3985 1045 4054 Κιμμερικὸν
1064 3985 1211 4048 Βόσπορον

191 4094 263 4158 πρὸς
282 4090 404 4162 βορρᾶν
422 4082 475 4138 καὶ
497 4081 618 4150 ζοφώδη,
638 4083 684 4136 sed
704 4081 880 4151 πρόσβορρον
899 4078 945 4132 καὶ
964 4079 1083 4147 ζοφώδη.
