2580 4530
216 271 282 331 >244
650 272 709 327 Lib.
730 272 766 332 ll.

179 472 278 538 simile
301 464 375 553 (edu
398 466 474 550 ἔστ’
503 466 565 538 οὐκ
589 478 703 547 ἔστιν).
748 468 807 549 Qui
826 472 965 555 sequitur
986 492 1093 538 versus
1116 474 1176 536 689
1200 477 1242 540 sio

111 576 114 584 '
180 579 324 661 scriptus:
674 595 677 599 ·

180 685 271 750 IO.
292 677 364 806 άλλ’
396 676 462 750 οὖν
490 683 669 771 μαχοῦμαί
702 677 733 769 γ’
761 675 916 767 άριθμόν
936 684 1051 772 (oodd
1089 680 1241 773 μαχούγί

794 781 895 874 αριθ
894 783 964 868 ιον)
989 782 1089 863 ονκέ
1074 785 1240 870 ἐλάσασαι,

172 915 271 980 ·quam
292 897 404 961 habeut
426 893 622 975 sententiam,
644 912 703 960 uon
724 893 885 978 intelleg03
914 912 987 960 num
1008 897 1137 978 Ioloum
1160 902 1187 965 si
1209 922 1251 978 se

173 1000 288 1087 ipugneo
318 1003 472 1086 adiunget
501 1020 559 1066 nou
587 1003 693 1066 eontra
719 999 877 1083 pauciores
906 1005 1114 1085 pugnaturum
1136 1011 1242 1089 (quam

179 1108 205 1172 si
236 1127 296 1173 nou
324 1126 357 1172 se
379 1108 586 1191 adiunget),
578 1107 764 1172 manissimae
793 1124 881 1189 nugae
914 1110 994 1172 sunt.
1039 1108 1242 1178 Scribendum

179 1214 313 1279 videtur:
575 1296 578 1302 Ι

228 1389 231 1395 κ
279 1311 349 1382 dtu
365 1308 435 1383 ὀὖν
457 1316 693 1402 γιαχοὺνταί
714 1309 745 1400 γ’
767 1308 923 1401 α’ριθμόν
943 1311 1004 1383 οὐκ
1026 1318 1190 1389 ἐλάττοσι.

277 1425 449 1488 Auoturum
483 1441 521 1488 se
551 1423 634 1488 certe
666 1439 827 1486 numerum
866 1441 990 1488 suorum
1021 1426 1158 1494 modeste
1197 1431 1243 1497 sie

179 1531 342 1615 signifieat,
363 1532 399 1595 ut
418 1528 524 1593 hostes
547 1527 658 1593 saltem
681 1545 740 1595 non
768 1547 836 1592 eum
864 1529 1055 1613 paucioribus
1074 1539 1243 1617 pugnatmu'

171 1640 249 1703 siut.
299 1635 475 1718 Respondet
497 1633 640 1707 famulus,
663 1632 806 1716 exiguum
824 1634 881 1698 hoo
897 1654 964 1700 esse
979 1622 1240 1707 edditementum:

190 1785 234 1795 ···
312 1734 456 1825 σμικράν
478 1736 516 1806 τά
540 1733 601 1805 σάν
624 1732 763 1823 σήκιομα
787 1741 982 1824 προστίθης
1005 1740 1125 1824 φίλοις.

277 1847 342 1913 Ibd.
366 1847 424 1909 707
449 1866 505 1911 sor.
529 1841 570 1911 τά
594 1839 622 1910 τ’
645 1838 792 1932 άμήχαν’
815 1846 874 1910 ἐάν
897 1852 961 1928 (pro
985 1839 1033 1924 θ’).

277 1953 343 2019 Ibd.
366 1953 426 2015 804
446 1953 641 2018 sen‘beudum
663 1953 720 2030 est,
735 1952 869 2018 Heathio
886 1954 917 2016 et
932 1950 1001 2018 eliis
1017 1956 1239 2034 praeeuntibus:

546 2051 571 2124 ὦ
594 2051 751 2144 στρατήγ’
772 2053 810 2130 ὃς
831 2049 1005 2143 Ἀργόθεν

212 2204 214 2212 ·
327 2160 431 2248 ἥκεις,
453 2166 485 2230 τί
507 2159 608 2249 τήνδε
629 2177 733 2250 γαῖαν
754 2156 816 2230 οάκ
840 2154 1017 2256 ἐάσομεν

328 2272 390 2339 καὶ,
404 2264 465 2342 τάς
488 2262 654 2353 Μυκήνας
676 2263 776 2336 οὐδὲν
800 2266 931 2354 ἐργάσει
955 2265 1059 2336 κακόν

241 2411 242 2414 “
326 2369 458 2459 άνθρών
480 2371 659 2461 στερήσαςς

277 2482 391 2547 Futuro
412 2486 549 2564 tempore
579 2483 610 2547 in
642 2482 699 2546 hae
728 2481 862 2546 iubentis
890 2485 923 2547 et
946 2483 1080 2548 vetantis
1108 2484 1240 2548 interro·

177 2589 299 2672 gatione
325 2590 406 2671 'opus
438 2589 494 2652 est.
540 2589 662 2653 Aeristo
692 2585 778 2652 loeus
806 2589 854 2652 est
881 2588 912 2651 in
946 2587 1078 2653 seeundo
1110 2607 1240 2671 persone

177 2696 224 2773 (el
254 2685 313 2758 οὐκ
348 2693 539 2778 ἐποίησας),
572 2695 623 2759 vix
648 2693 679 2756 in
712 2691 822 2775 prima,
855 2693 1024 2769 perfeetum
1058 2697 1239 2781 (εἴργασαι)

176 2801 266 2882 plene
288 2798 474 2889 excluditur3
497 2802 529 2864 et
551 2801 599 2864 est
620 2791 752 2884 ἐργάσει
774 2797 807 2862 in
833 2798 996 2865 codicibus.

276 2906 335 2982 (De
356 2926 385 2969 v,
408 2905 469 2967 894
490 2905 551 2969 vid.
573 2926 602 2987 p.
623 2900 720 2983 109.)

191 3066 193 3071 .
275 3012 341 3075 Ibd.
366 3010 460 3072 1050:

173 3147 194 3177 ·.
296 3152 298 3156 ·
326 3109 469 3197 κομίζετ’
492 3108 610 3190 αὐτόν,
634 3115 756 3198 δμῶες,
779 3116 851 3182 εἶτα
874 3111 935 3201 χρή
959 3115 1031 3180 κυσὶ

326 3224 444 3288 ὸόὑναι
469 3213 663 3295 κτανόντας.

175 3371 189 3389 ..
256 3375 258 3377 >
275 3328 382 3410 Neque
396 3327 511 3391 nudum
524 3327 603 3418 illud
625 3329 777 3412 κομίζετε
792 3319 898 3393 αὐτόν
919 3324 992 3388 ferri
1013 3326 1116 3406 potest
1137 3347 1236 3411 neque

176 3438 245 3516 apte
278 3433 500 3515 coniunguntur
532 3434 596 3497 haee
629 3435 781 3518 κομίζετε
815 3480 821 3494 .
848 3477 887 3493 ..
921 3428 991 3494 εἶτα
1023 3425 1094 3516 χρή.
1154 3433 1236 3498 Seri·

176 3541 324 3604 bendum:

326 3638 469 3729 κογιι’ζετ’
491 3637 607 3718 ανίάν,
631 3645 753 3728 δμῶες,
774 3649 878 3709 ἔνθα
901 3635 962 3726 χρή
986 3643 1059 3707 κσσὶ

326 3751 442 3816 dodoau
466 3743 662 3823 κτανόντας·

274 3855 353 3920 Duei
384 3855 424 3920 ad
445 3855 588 3939 supplicii
615 3856 717 3920 looum
736 3853 944 3937 Eurystheum
965 3851 1117 3917 Alcmena
1137 3854 1232 3919 iubet.

176 3958 234 4024 cfr.
258 3980 286 4023 v.
309 3961 385 4044 528:
410 3956 543 4046 ’ἡγεῖσθ’
566 3958 655 4027 ὅσιον
674 3961 726 4026 δεῖ
749 3962 846 4040 σῶμα
872 3966 1060 4024 κατθανεῖν
1080 3951 1157 4025 τάδε
