2580 4530
75 285 78 289 ’
191 303 253 367 sae
503 352 506 360 .
617 301 678 358 nn.
694 302 744 359 rr.

147 507 212 588 μὲν
234 504 449 590 καλουμένην
473 500 655 590 Ἕλληνος,
687 491 808 597 τηνδὶ
831 493 1050 586 Ἀμφίλοχοι,
1085 495 1131 575 oie
1163 504 1213 568 ιιαλ

148 609 209 676 τοῦ
230 603 445 697 Ἀμφιλόχου
466 603 732 694 τελευτήσαντος
755 606 853 691 crepo
876 629 905 670 ιι.
921 631 949 671 u.
967 607 996 670 λ.
1041 606 1125 672 Mira
1144 628 1215 692 pru·

147 717 252 782 denda
272 735 378 782 omnes
400 716 439 781 de
459 716 658 783 nominativis
686 712 916 779 incredibilibus
937 713 1050 778 tacent.
1092 712 1215 779 'Scriba

148 817 213 908 τήν
233 826 299 906 μὲν
321 824 536 907 καλουμένην
550 819 772 905 Ἕλληνος,
795 813 860 902 την
882 817 916 883 δὲ
939 811 1215 906 Ἀμφιλόχου.

148 928 280 1005 (Deinde
302 947 318 993 e
343 928 611 1011 codicibusscrib.
636 925 907 1023 icccortodoi
929 948 1047 1008 φησιν,
1078 926 1216 1006 narrari.)

156 1120 158 1125 ,
223 1035 315 1109 ibo.
340 1035 398 1096 158
422 1035 464 1112 (4,
487 1036 534 1110 5)ss
563 1033 608 1118 coi
637 1027 723 1097 ιιαοολ
743 1035 831 1116 μέρη
853 1025 940 1114 πρός
970 1025 1053 1103 τούς
1069 1028 1215 1120 Ἴβηρας

148 1144 315 1226 πολεμεῖν
346 1125 431 1205 καθ’·
461 1134 607 1224 ἑκάστην
640 1135 695 1232 deu*
736 1133 867 1223 ταύτην
900 1136 964 1224 τήν
998 1137 1213 1206 δυναστείαν.

147 1247 255 1331 Neque
283 1241 364 1311 καθ’
392 1236 536 1328 enecone
564 1246 636 1328 poni
667 1247 773 1328 potest
798 1265 854 1329 pro
888 1248 1083 1309 καθέκαοια
1118 1264 1216 1330 neque

149 1348 204 1430 ιλιιλ
227 1347 357 1436 ταύτην
380 1347 445 1436 τήν
470 1347 560 1428 (λον,
591 1369 662 1415 cum
682 1370 741 1415 non
764 1369 831 1437 una
847 1350 950 1432 aliquo
970 1349 1146 1433 significata
1166 1350 1215 1426 eit,

148 1459 203 1531 aed
225 1459 286 1524 alia
308 1458 360 1522 alii
381 1457 589 1522 succedentes.
634 1455 747 1520 scrin:
782 1450 863 1521 καθ’
895 1449 1039 1540 ἑκάστην
1069 1452 1137 1541 την
1152 1457 1215 1523 ἰλυ-

149 1566 317 1631 ναοοείαν.
373 1562 588 1645 (Διιαέλεοαν
730 1557 1058 1646 καταστρεφόμενοι,
1095 1563 1215 1629 sublato

148 1671 302 1736 commate
322 1670 392 1752 post
413 1666 559 1753 χρόνον)

248 1777 314 1842 Ibd.
329 1776 388 1838 159
408 1776 450 1854 (4
473 1776 506 1852 7)
527 1774 800 1840 scribendumt
742 1776 833 1857 puto:
856 1773 1041 1859 reccaredi
1063 1777 1133 1840 τών
1154 1801 1214 1842 του

143 1881 285 1970 Ἴβηρος
308 1883 461 1971 eunoun
486 1883 540 1947 καλ
567 1883 635 1947 suiv
660 1878 772 1964 ἄκρων
797 1881 857 1966 τῆς
886 1874 1078 1966 Πυρηνης.
1105 1883 1215 1968 Longe

148 1989 216 2055 aliae
250 1991 322 2054 sunt
353 1991 515 2074 ἐκτροπαί
538 1988 634 2052 'fluvii
666 2006 723 2052 nec
756 1989 828 2053 ullae
857 1989 888 2052 in
911 1987 1000 2052 Ibero
1029 2004 1216 2052 commemo·

147 2093 263 2160 rantur.
272 2094 296 2173 ¹)

247 2198 315 2264 Ibd
340 2199 399 2262 163
422 2201 464 2277 (4
490 2199 559 2272 13)ε
588 2204 622 2263 αἱ
645 2199 679 2265 δὲ
705 2193 865 2271 πόλιις“
843 2223 1034 2321 ηιιερουοηυ
1057 2191 1132 2264 οὐδ
1157 2224 1216 2265 αυ-

149 2309 205 2372 ιαλ
243 2306 373 2390 nudior.
436 2304 587 2369 Videntur
614 2305 761 2387 accipere
798 2305 886 2387 quasi
918 2299 1028 2389 εἰλῆη
992 2329 1216 2396 mercenorum

149 2411 261 2477 Scribt
288 2403 361 2494 εύη
366 2412 592 2493 μεροὺοιν,
615 2409 828 2494 Ioetoeflorent.

248 2516 315 2580 Ibd.
345 2520 385 2594 (4
411 2517 478 2594 15):
504 2511 694 2599 Φιρμαιλι
672 2541 694 2602 η
717 2510 912 2600 Ἰβηρία..
936 2491 1099 2591 ,ἵππους
1120 2513 1217 2606 αγρί-

149 2642 229 2695 ους·
252 2628 320 2687 ἐστι
346 2614 414 2686 d'¹
396 2625 562 2688 onvocat
587 2628 622 2688 αἱ
645 2624 763 2706 λιμναι
787 2617 1066 2707 πληθυουσιν·”
1047 2627 1217 2708 cocstede

151 2752 268 2794 κυκνοι
294 2729 348 2793 καλ
372 2754 411 2792 uu
445 2722 677 2813 παραπλήσια.
727 2730 867 2813 Apparet
893 2729 1001 2795 deesse
1026 2751 1140 2797 nomeu
1163 2734 1216 2811 rei,

150 2854 210 2918 qua
231 2834 390 2900 abundent
409 2835 504 2902 lacus
529 2828 632 2914 Quod
639 2835 813 2900 Meinekius
835 2835 972 2917 scripsit:
996 2835 1217 2924 πληθυουοιν

95 2956 96 2960 ’
148 2934 291 3025 ὅμοι’·οις
329 2943 392 3007 etot
429 2944 473 3017 δὲ,
509 2944 545 3006 ut
577 2944 718 3008 omittam
750 2942 928 3007 violentiam
960 2944 1154 3022 mutationis
1184 2945 1216 3009 in

149 3048 277 3113 lacubus
299 3066 358 3111 non
381 3048 513 3112 maxime
530 3068 602 3115 aves
623 3050 837 3134 quaerunture
764 3044 891 3113 t
874 3073 984 3132 ορνιις
1003 3068 1095 3131 prave
1119 3030 1217 3117 divei-

180 3302 253 3369 1)Ρ
273 3305 325 3357 160
343 3300 378 3367 (4,
399 3299 426 3366 9)
445 3299 618 3353 memorabile
642 3300 792 3370 exemplum
816 3301 859 3352 est
881 3315 968 3367 prava
992 3297 1078 3353 crisis
1120 3298 1219 3354 Coraca

216 3411 278 3464 pro:
298 3390 371 3454 τινὲς
392 3389 422 3444 δὲ
441 3391 487 3443 καλ
504 3394 559 3443 τῶν
576 3394 626 3459 τῆς
645 3387 811 3461 Πυρήνης”
794 3412 887 3457 uncum
905 3391 1048 3459 νέμονται
1075 3393 1123 3458 apt
1125 3392 1217 3447 issima

220 3486 302 3540 scribi
321 3485 442 3538 voluerat
460 3481 528 3546 τινά,
548 3484 581 3534 ut
598 3482 803 3550 significaretur,
829 3499 860 3537 eo
877 3499 963 3552 usque
980 3483 1218 3551 Emporitanorum

218 3595 297 3646 agros
321 3576 464 3646 pertinere.
512 3575 657 3629 Kramerus
680 3577 787 3644 ineptos
811 3575 874 3630 illos
903 3577 981 3639 τινας
1009 3576 1123 3630 retineri
1148 3578 1216 3645 vult,

218 3670 264 3723 sed
282 3675 336 3724 τῶν
355 3707 361 3721 .
381 3709 390 3724 ,
411 3712 415 3721 .
435 3666 529 3733 ἄκρων
551 3667 580 3719 in
604 3666 638 3720 τὰ
658 3664 732 3734 ἄκρα
750 3667 863 3732 mutari,
892 3668 1067 3736 probabiliter
1095 3670 1216 3736 seilicet;

217 3761 369 3815 Meinekius
387 3763 449 3830 post
466 3761 596 3830 νέμονται
624 3759 740 3818 inseruit
766 3759 811 3815 τὰ.
859 3760 944 3813 Paulo
963 3764 1025 3813 ante
1045 3764 1080 3828 (4,
1100 3765 1128 3829 8)
1148 3764 1217 3817 Mei-

217 3852 313 3907 nekius
331 3855 389 3907 aine
408 3854 465 3908 ulla
483 3869 562 3907 causa
580 3869 624 3907 sex
643 3852 724 3905 verba
748 3851 858 3907 deleuit.
908 3851 1079 3921 Emporitani
1098 3870 1228 3910 commu-⁴

216 3958 277 3997 nem
291 3945 429 3999 habebant
441 3962 548 3999 murum
567 3948 715 4008 externum,
736 3945 782 3998 scd
801 3944 929 4014 oppidum
947 3961 978 3999 eo
999 3945 1118 4002 cinctum
1130 3949 1219 4004 altero

216 4053 293 4092 muro
311 4038 340 4091 in
358 4036 411 4091 duo
429 4036 554 4093 divisum.
592 4037 654 4092 Vid.
667 4037 726 4093 Liv.
738 4037 862 4102 xxxi-v,
881 4039 905 4093 9.
944 4037 1081 4095 Hactenus
1100 4043 1218 4106 διπλοῦς

218 4131 276 4183 urat
293 4131 449 4202 περλβολος.
