2580 4530
202 273 262 336 156
584 304 586 312 =
639 277 700 333 Lib.
719 279 741 333 Ι.

158 474 294 545 locorum
307 497 413 543 causa
433 497 526 561 quam
548 478 584 541 ut
605 476 701 541 semel
722 476 754 539 in
777 481 848 560 apto
868 481 899 542 et
912 480 1069 561 perspicuo
1085 482 1222 563 exemplo

159 597 327 662 exponam,
364 583 515 665 quomodo
547 582 580 646 in
613 583 678 646 toto
713 583 771 646 hoc
802 602 914 667 genere
944 586 975 649 et
1004 587 1158 663 rationum
1192 607 1207 652 a

158 684 403 753 testimoniorum
425 689 583 753 momenta
602 687 785 769 exquirenda
802 690 835 753 et
850 691 1047 771 ponderanda
1067 710 1220 757 censeam.

160 787 222 854 Sed
244 791 425 857 ordiendum
448 795 496 859 cst
517 814 535 858 a
557 793 719 857 narrando.

257 896 344 969 Plus¹
358 901 465 984 viginti
498 901 570 963 sunt
595 899 681 972 anni,
711 918 780 962 cum
802 899 833 962 in
857 901 994 982 syntaxis
1021 899 1134 979 Graecae
1156 904 1221 966 arte

158 1002 190 1065 et
211 1002 272 1067 alia
288 1007 428 1086 quaedam
451 1006 490 1070 ad
511 1004 670 1070 modorum
694 1007 726 1069 et
739 1007 912 1086 temporum
934 1007 1019 1070 verbi
1039 1025 1129 1070 usum
1151 1026 1221 1088 per·

157 1106 287 1191 tinentia
309 1113 489 1199 certioribus
520 1113 552 1176 et
578 1111 678 1193 magis
708 1111 893 1193 perspicuis,
924 1131 1016 1195 quam
1042 1131 1108 1194 quae
1127 1114 1220 1197 vulgo

157 1215 362 1290 traderentur,
384 1203 544 1300 praeceptis
559 1210 811 1298 comprehendere
827 1219 952 1281 conatus
968 1219 1091 1308 sum-et
1113 1219 1221 1283 aoristi

156 1319 328 1387 infinitivus
361 1323 414 1386 ubi
440 1321 590 1404 praeteriti
623 1321 877 1404 significationem
905 1323 1048 1401 haberet,
1079 1324 1133 1388 ubi
1159 1344 1219 1389 non

14 1483 18 1487 .
47 1501 48 1506 ἵ
157 1425 302 1506 haberet,
338 1428 469 1511 simplici
483 1429 661 1509 apertoque
683 1428 743 1491 fine
766 1426 897 1491 discrevi
919 1428 949 1510 (ξ
972 1429 1062 1508 172),
1091 1429 1220 1512 primus,

158 1531 218 1596 nisi
238 1533 343 1610 fallor,
372 1537 454 1598 certo
475 1535 628 1615 praecepto
649 1552 714 1597 rem
745 1533 934 1614 complexus,
965 1535 996 1598 in
1019 1554 1080 1616 qua
1097 1554 1222 1600 sensum

158 1638 311 1719 quendam
334 1642 510 1728 superiores¹
528 1639 623 1704 secuti
649 1640 746 1717 erant,
768 1638 920 1703 Heuricus
944 1638 1067 1721 quidem
1090 1640 1222 1724 Stepha-

160 1761 217 1808 nus
248 1744 445 1830 eiusdemq'ue
479 1745 580 1827 aetatis
617 1745 669 1808 alii
700 1746 816 1810 rectius
847 1746 1097 1828 constantiusque
1129 1767 1222 1830 quam

157 1852 363 1917 recentiorum
396 1853 496 1917 multi.
561 1851 635 1930 Quae
667 1849 711 1914 ibi
742 1850 877 1915 breviter
904 1870 1080 1933 posueram,
1117 1855 1222 1917 notato

17 1925 20 1935 ¹
80 1988 93 2021 1,
156 1957 262 2021 tamen
294 1959 324 2041 (ξ
350 1960 448 2023 1711
475 1960 554 2035 not.)
584 1957 777 2020 librariorum
806 1975 925 2034 errore,
943 1976 1051 2039 ‚quem
1081 1960 1221 2023 veterum

22 2114 25 2131 ,
157 2063 339 2144 scriptorum
369 2065 502 2130 editores
530 2081 589 2127 non
620 2082 689 2127 raro
718 2063 815 2127 secuti
843 2058 962 2136 essent,
993 2063 1081 2133 1111
1104 2064 1220 2141 libello,

158 2187 249 2250 quem
283 2171 342 2234 arti
373 2172 405 2234 in
437 2169 603 2241 Germania
636 2167 727 2231 editae
760 2168 904 2233 comitem
933 2188 999 2233 1111
1033 2157 1127 2240 volni¹
1148 2169 1221 2246 (Be-

30 2283 33 2288 “
158 2275 347 2357 merlrungen
379 2275 455 2338 fiber
494 2273 593 2355 einige
628 2272 750 2336 Punlrte
788 2272 841 2336 der·
875 2274 1082 2357 griechischen
1116 2275 1220 2339 Wort-

158 2379 387 2461 ffigrmgslehre,
410 2380 575 2462 Goettingae
588 2379 691 2456 1848),
712 2378 834 2442 uberius
851 2379 998 2460 explicavi
1020 2385 1062 2463 (p.
1075 2382 1113 2442 19
1130 2386 1219 2462 sqq.).

159 2483 296 2549 Collecta
318 2486 399 2549 enim
422 2485 629 2566 dispositaque
650 2483 781 2547 materia
804 2484 933 2559 ostendi,
955 2485 987 2549 in
1009 2485 1077 2565 ipsa
1091 2504 1221 2549 summa

161 2597 206 2653 rei
232 2590 358 2654 nonita
380 2590 530 2664 multum,
560 2592 595 2654 ut
612 2590 678 2672 ipse
700 2588 777 2665 diui,
805 2589 843 2653 ab
866 2589 1014 2653 Elmsleio
1034 2593 1128 2671 (mus.
1152 2591 1219 2654 crit.

158 2697 203 2760 IV
217 2716 246 2778 p.
268 2698 307 2756 47
312 2697 341 2773 5)
365 2695 537 2773 discedens,
559 2695 613 2760 sed
635 2695 818 2777 quibusdam
840 2696 1012 2760 accuratius
1035 2695 1219 2771 terminatis,

158 2801 348 2883 1111111111
371 2802 408 2865 de
431 2803 542 2866 aoristo
563 2801 709 2865 infinitivi
730 2801 796 2866 sine
819 2797 862 2866 ἄν
888 2802 1080 2885 1111111111
1102 2800 1220 2865 dicendi

160 2909 322 2987 (minandi,
346 2908 564 2990 promittendi,
588 2908 709 2973 iurandi
737 2909 808 2987 cet.)
838 2908 1026 2990 potandique
1050 2907 1219 2985 (credendi,

159 3012 356 3095 exspectandi
389 3015 460 3092 cet.)
495 3014 750 3098 significationem
782 3014 927 3079 habentia
953 3034 1008 3096 pro
1037 3015 1139 3079 futuro
1166 3014 1221 3078 aut

159 3120 303 3190 similiter
323 3120 421 3202 posito
443 3119 638 3188 traderentur
660 3127 745 3198 (nam
760 3142 814 3205 pro
829 3122 895 3203 ipso
915 3122 1016 3185 futuro
1034 3138 1067 3184 se
1085 3119 1220 3200 accipere

158 3229 282 3311 negant,
304 3227 356 3308 qui
377 3225 551 3290 subtiliores
580 3225 678 3299 videri
705 3227 840 3306 volunt),
867 3241 1041 3310 quanquam
1069 3225 1220 3291 clarorum

83 3417 84 3421 Ἰ
158 3315 380 3416 philologorum
402 3332 526 3395 nomina
547 3331 619 3394 inde
641 3331 680 3395 ab
691 3332 925 3407 Hemsterhusio
946 3334 986 3397 ad
996 3333 1219 3404 Hermannum,

159 3439 357 3514 Lobeckium
379 3430 573 3521 Km'egernm
594 3456 683 3502 aures
706 3439 974 3512 circumsonarent,
997 3438 1079 3521 quod
1095 3437 1219 3520 quidem

159 3545 199 3608 ad
222 3546 385 3628 scriptores
407 3544 480 3608 ante
501 3543 705 3626 Byzantinam
727 3545 852 3608 aetatem
874 3546 1029 3619 attineret,
1051 3543 1128 3608 nihil
1152 3560 1220 3606 esse

160 3650 221 3714 nisi
258 3651 371 3715 menda
407 3649 557 3712 incuriose
595 3630 728 3714 corrasa
756 3650 787 3723 et
822 3650 999 3732 opinionum
1033 3649 1218 3721 commenta,

159 3756 280 3820 omissis
311 3755 388 3837 ipsis
408 3757 492 3819 recte
515 3756 670 3836 quaerendi
696 3755 808 3832 initiis,
836 3755 994 3820 levissime
1016 3756 1126 3829 iacta·
1141 3758 1184 3819 et.
1194 3754 1221 3818 si

160 3861 227 3944 quis
248 3861 362 3925 indicia
376 3861 449 3926 'veri
471 3861 654 3942 exquireret,
677 3860 834 3944 perspicue
856 3880 1019 3947 apparere,
1051 3862 1220 3945 segregatis

159 3967 365 4056 eventorum
394 3968 591 4051 locorumque
622 3967 748 4032 confusa
774 3968 864 4031 turba
891 3967 947 4045 iis,
964 3966 1043 4052 ¹quae
1071 3985 1159 4037 suam
1189 3970 1221 4031 et

122 4060 126 4066 ’
159 4072 314 4154 propriam
342 4073 490 4139 haberent
518 4075 659 4158 regulam
691 4076 738 4152 (nt
765 4072 861 4146 ἐλπίς
888 4074 920 4137 11
946 4071 1102 4157 cognatis,
1131 4066 1221 4144 elude
