2580 4530
581 279 639 337 Lib.
658 280 696 335 11.
1074 283 1135 347 253

210 471 352 545 'Aoeder'
374 495 482 561 neque,
506 476 588 562 quod
610 478 657 542 his
680 479 781 544 verbis
803 480 859 556 fit,
881 459 1028 564 appellari
1049 485 1176 566 possunt

113 585 224 669 λοιβαί
247 590 434 670 φθιμένων
459 603 559 668 neque
573 584 652 648 inte'r
667 586 784 651 ceteras
806 605 855 651 res
878 587 962 653 domi
982 589 1081 655 iuuere
1104 588 1174 652 dici.

111 691 216 773 Ithue
239 689 439 757 scribendum
461 688 597 754 uidetur:

347 795 465 893 κουραί
489 797 542 862 καί
566 799 723 880 στέφανοι
747 790 868 880 κόμας,

345 888 499 969 λοιπαί
514 901 552 966 δὲ
575 895 705 967 νεκκίων
727 906 906 989 φθιμένων

346 1002 460 1076 uictrici
483 1018 512 1073 κ’.
538 1033 566 1073 u.
591 1010 620 1072 λ.
745 1059 749 1065 -
796 1070 799 1075 .

108 1113 239 1178 Restare
263 1111 460 1180 sibimenias
483 1113 566 1188 dicit,
589 1113 731 1187 similiter
753 1119 845 1199 utque
866 1116 957 1199 paulo
979 1118 1049 1180 cute
1071 1135 1099 1182 v.
1113 1118 1171 1178 971

107 1213 386 1303 ὑπολελειμμένα
408 1246 468 1306 μοι
492 1215 633 1305 δοίκρυα.
931 1298 938 1307 „

207 1323 276 1388 Ibd.
303 1326 382 1388 1070
408 1346 454 1411 sq.
508 1326 633 1392 Euadne
665 1325 794 1408 desuper
818 1326 859 1391 ‘de
891 1346 966 1409 rupe
999 1327 1031 1391 in
1065 1346 1171 1413 rogum

108 1430 215 1495 meriti
239 1429 382 1496 desiliens
404 1431 506 1515 Iphidi
527 1431 608 1516 parri
629 1431 695 1495 haec
718 1430 806 1496 dicit:

246 1536 301 1602 καί
325 1533 366 1622 (λη’
390 1551 549 1623 παρεῖται
574 1537 686 1619 σῶμα,
710 1536 760 1599 σοὶ
782 1541 847 1620 μὲν
870 1531 911 1604 οὐ
936 1541 1047 1621 φίλον,

242 1636 328 1727 ἡμῖν
352 1642 385 1710 δὲ
400 1643 463 1709 ’καί
487 1644 531 1721 καί
554 1646 823 1730 ξυμπυρουμίνῳ
846 1639 954 1710 πόσει.

106 1749 188 1814 Mire
214 1767 324 1832 corpus
351 1768 455 1823 suum
468 1749 549 1833 patri
576 1747 788 1815 amantissimo
818 1751 942 1835 gratum
972 1767 1039 1815 esse
1068 1753 1170 1839 uegpt,

106 1856 184 1919 mee
229 1855 290 1920 su
324 1855 447 1940 gracum
482 1837 640 1937 'preessae
700 1854 827 1920 seuseu
862 1872 922 1919 non
958 1871 1080 1937 ωῳω,
1117 1856 1171 1921 seu

106 1980 214 2026 casum
238 1961 322 2026 etin
343 1979 453 2045 regum
481 1960 637 2026 desultum
666 1961 753 2044 quasi
780 1960 916 2025 solutum
944 1960 1170 2037 etimmissum

106 2072 321 2152 (παρεῖσθαι)
344 2065 432 2132 dicit:
538 2138 541 2145 1
790 2148 793 2155 Ι

244 2176 297 2239 καί
322 2174 356 2239 dd
379 2186 536 2258 παρεῖται
561 2172 725 2253 πτῶμα,
750 2172 800 2237 σοὶ
823 2174 888 2254 μὲν
912 2164 953 2236 ου’
975 2172 1085 2256 φίλον.

210 2278 369 2366 Hippolyi.
393 2299 420 2344 v.
445 2281 520 2343 224:
543 2280 576 2344 εί
599 2279 806 2365 κυνηγεσίων
830 2277 883 2343 καί
908 2278 958 2342 σοί
981 2280 1126 2365 μελέτης

108 2386 149 2448 Et
179 2387 235 2450 καί
260 2385 369 2451 vitiose
398 2384 534 2450 abundet
563 2404 677 2469 neque,
714 2405 783 2450 cum
808 2382 931 2468 aliquid
964 2384 1003 2450 ad
1036 2385 1169 2469 aliquem

108 2493 263 2570 pertinere
285 2509 449 2574 negamus,
473 2491 587 2556 usitate
607 2492 829 2575 interrogatur:
861 2490 893 2555 τί
919 2491 971 2555 σοί
996 2485 1148 2575 πόλεμος
1156 2518 1168 2570 3

108 2599 179 2661 sed:
204 2599 236 2662 τί
260 2599 310 2663 σοὶ
336 2597 389 2661 καὶ
413 2597 569 2681 αολέμῳς
590 2597 694 2679 Atque
716 2597 760 2662 sic
783 2596 904 2679 scripsit
926 2595 1100 2679 Euripides:

262 2704 294 2766 τί
318 2704 522 2790 κυνηγεσίων
545 2704 599 2767 καί
623 2704 683 2768 σοίΙ
699 2704 873 2788 μελέτης

109 2809 218 2872 audaci
245 2828 318 2875 sane
349 2810 509 2874 verberum
541 2808 647 2873 ordine
675 2813 742 2891 (pro
772 2810 897 2894 μελίνη
925 2810 979 2872 καί
1008 2809 1084 2890 σοί),
1114 2809 1168 2873 sed

107 2915 204 2997 (quod
225 2916 257 2979 in
285 2918 491 3002 κυνηγεσίων
523 2916 586 2980 ism
613 2914 697 2996 prius
723 2915 897 2979 membrum
926 2913 1001 2978 satis
1029 2916 1168 2980 neretum

107 3025 169 3094 est)
192 3039 250 3084 nou
277 3021 438 3086 audaciore
459 3022 508 3086 uel
530 3020 631 3101 potius
655 3019 757 3084 minus
785 3017 891 3082 audaci
919 3036 1011 3100 quam
1041 3021 1072 3082 in
1095 3019 1166 3084 Hel.

111 3126 207 3189 1579:
248 3121 336 3201 Ἔτ’,
371 3118 395 3192 ὦ
428 3120 502 3203 ξέν’,
536 3131 585 3198 εἰς
621 3120 659 3190 τό
694 3118 863 3208 πρόσθεν,
897 3117 919 3207 ἢ
951 3125 1058 3197 καλῶς
1091 3133 1166 3210 ἔχει,

108 3226 327 3315 αλεείοωμενε
358 3232 429 3311 (Cir.
452 3218 527 3296 Her.
555 3236 612 3298 set.
634 3233 660 3310 Ι,
682 3232 710 3305 4,
739 3231 795 3294 45:
833 3229 1016 3294 comoedia
1048 3249 1166 3296 necne

107 3358 243 3418 poema
264 3339 393 3416 Esset,
415 3337 636 3424 quaesivere,
658 3336 690 3400 id
709 3338 765 3413 esi,
787 3354 919 3418 poema
942 3342 1083 3411 necne.)

207 3445 273 3509 Ibd.
298 3445 373 3508 276:

155 3551 227 3613 TP.
272 3551 343 3621 κῶς
365 3545 394 3615 δ’
417 3548 470 3624 οὔ,
494 3548 647 3632 τριταίων
669 3541 699 3634 γ’
722 3539 793 3612 εὗρ’
818 3545 933 3618 ἄσιτος
957 3540 1108 3631 ἡμέρους

154 3656 230 3720 ΧΟ.
266 3649 411 3739 κότερον
432 3649 492 3722 ὑπ’
515 3653 598 3738 α’ίτης
620 3649 642 3738 ἢ
665 3663 790 3721 θανεῖν
812 3656 1023 3736 πειρωμένης

106 3760 199 3823 Nulla
221 3760 310 3824 facile
334 3764 455 3842 poterat
478 3781 544 3826 esse
565 3757 639 3844 ἄτη,
663 3780 729 3845 quse
740 3756 904 3823 Phsedrsm
926 3757 992 3820 cibo
1011 3757 1165 3821 abstinere

107 3868 244 3949 eogeret3
268 3866 320 3931 sed
336 3869 445 3951 quaerit
456 3868 571 3940 chorus,
595 3869 698 3930 utrum
709 3863 832 3929 fastidio
851 3864 882 3926 et
898 3860 990 3926 taedio
1007 3861 1040 3925 id
1061 3861 1166 3926 fecerit

105 3992 143 4035 ru
166 3972 246 4055 quod
271 3974 349 4040 mori
370 3973 479 4051 vellet3
510 3972 648 4054 suspicor
671 3971 766 4056 igitur
787 3967 965 4051 Euripidem
988 3967 1164 4051 scripsisse:

240 4073 386 4164 πότερον
408 4077 511 4163 ιίσης
532 4071 596 4144 ὕπ’
621 4073 644 4160 ἢ
667 4087 791 4143 θανεῖν
813 4076 1023 4160 πειρωμένης
