2580 4530
531 276 592 331 suu.
610 277 663 333 111,
990 249 994 258 ’
1028 279 1086 345 331

74 498 134 544 esse
162 479 196 544 in
231 469 489 569 στρατεύματος
514 479 597 540 recte
629 466 790 553 statuitur3
827 479 963 562 sedquo
983 480 1026 557 id,
1050 480 1132 563 quod

70 587 119 650 suh
169 585 227 651 illo
280 583 394 660 lateat,
443 582 577 664 spectet,
630 581 699 664 ipsa
745 583 801 649 iIIa
851 585 1014 666 particula·
1045 587 1130 672 γοῦν
1238 640 1242 647 .

67 688 226 769 ostendere
246 688 376 753 ridetur.
411 686 611 752 Scribondum
635 688 716 752 enim
731 690 820 771 puto:
843 692 899 757 aot
922 695 985 758 eos]
1006 701 1130 778 θερα-

66 787 287 880 πιὺμοιτος
313 806 388 866 ταῖς
414 794 500 880 γοῦν
521 786 751 866 ἐπελθοὺοαις
780 798 880 862 ναυσὶ
908 810 1062 881 κρατεῖν,
1096 802 1131 865 ut
1245 844 1248 850 -

66 901 185 967 dativus
207 901 250 967 ad
270 899 497 964 substantivum
518 897 673 978 pertineat
697 897 791 984 (synt.
815 901 868 968 Gr.
892 903 910 986 ξ
934 901 975 965 34
995 907 1058 969 not.
1083 907 1129 982 i):

63 1007 131 1071 dum
154 1005 197 1071 ad
219 1005 399 1070 reficiendas
432 1001 544 1070 saltem
576 1004 765 1087 postremum
788 1007 932 1077 advectas
954 1016 1047 1076 naves
1075 1031 1129 1076 ue·

63 1112 204 1179 cossariis
212 1110 381 1189 (reficiendi
392 1110 610 1187 instrumento)
617 1109 707 1191 potiri
717 1094 817 1176 liceat.
840 1113 926 1198 (Cap.
938 1106 977 1178 48
991 1119 1064 1182 extr.
1077 1121 1130 1182 aut

62 1212 233 1304 χρήμασιν
256 1215 307 1290 οἷς
328 1218 382 1282 aut
392 1216 617 1296 cumPoppone
629 1209 798 1301 χρήμασιν
821 1208 844 1305 ᾧ
864 1220 902 1286 de
923 1241 1034 1305 genere
1055 1225 1130 1288 scri·

61 1326 193 1391 bendum
217 1327 275 1391 est.
309 1322 446 1406 Capio,
472 1325 571 1386 lcum
593 1322 625 1386 in
649 1323 802 1390 codicibus
824 1327 911 1393 bonis
934 1329 990 1393 sit:
1014 1322 1036 1411 ἡ
1058 1343 1129 1402 τοῖς

63 1431 288 1517 Συρακοσίοις
309 1423 425 1501 οτοίοις
448 1434 481 1501 ἐς
507 1429 601 1511 φίλια
630 1427 864 1508 ἐξεπεπτώκει,
896 1434 1035 1500 Bauerus
1063 1455 1129 1500 rec·

61 1538 181 1605 tissime
204 1536 344 1620 scripsit:
378 1529 401 1621 ἠ
435 1547 510 1607 τοῖς
538 1537 760 1620 Συρακοσίοις
793 1534 910 1613 στάσις
939 1541 1033 1624 φιλία
1063 1547 1129 1616 ἐξε-

62 1637 245 1710 πεπτώκει.
287 1642 420 1724 Decepit
433 1642 680 1724 interpolatorem
694 1645 785 1726 paulo
797 1645 892 1710 rarior
909 1647 939 1711 in
962 1647 1130 1724 adiectivis

60 1751 87 1815 in
107 1749 283 1834 participiis
304 1767 365 1812 non
386 1766 473 1812 rarus
489 1747 575 1823 ordo;
598 1748 658 1813 vid.
674 1751 754 1834 synt.
768 1750 853 1836 (λος
870 1752 993 1817 deul
1010 1754 1041 1816 ot
1063 1773 1129 1836 quae

59 1855 174 1921 inimo
196 1854 336 1938 margine
360 1854 523 1919 adduntur.
566 1854 627 1919 Cir.
650 1855 728 1920 Xon.
751 1857 844 1940 riges.
868 1858 896 1933 1,
920 1858 974 1922 10:
1008 1852 1070 1930 τας
1094 1865 1130 1924 ἐν
1244 1865 1247 1871 ’

59 1962 98 2048 τῇ
112 1955 218 2044 Ἀσία
234 1953 351 2034 πόλεις
363 1955 581 2044 Ἑλληνίδας,
604 1962 727 2027 Hellen
742 1963 799 2035 III,
823 1965 852 2039 2,
875 1963 910 2029 9:
934 1961 1130 2031 καταλιπών

58 2063 116 2140 τοίς
139 2068 219 2150 περὶ
244 2073 356 2132 ἐκεῖνα
379 2060 496 2140 πόλεις
519 2068 632 2150 φιλίοις
656 2073 692 2131 ἐν
715 2062 848 2155 εἰρήνῃ,
871 2070 1027 2152 Aristoph.
1051 2072 1128 2136 Ach.

61 2175 153 2237 1210:
189 2174 251 2256 τῆς
274 2179 310 2237 ἐν
337 2169 430 2261 ,ιισίχρ
460 2174 635 2257 συμβολῆς
670 2162 826 2258 βαρείας,
863 2177 895 2240 et
925 2195 970 2252 ea,
997 2175 1049 2240 ubi
1075 2196 1129 2259 pro

59 2280 212 2345 adiectivo
244 2281 417 2363 praepositio
447 2283 512 2353 est,
547 2280 633 2344 velut
666 2280 803 2366 Thucyd.
832 2282 925 2358 VIII,
964 2283 1004 2343 47
1016 2303 1023 2346 ε
1038 2286 1044 2297 “
1060 2278 1126 2366 τήν

58 2387 182 2453 ἑαυτοῦ
213 2382 368 2452 adauctos
388 2386 435 2459 ‘cr
467 2381 531 2470 τήν
559 2385 724 2469 πατρίδα,
762 2389 792 2452 et
818 2389 844 2464 Ι,
877 2387 930 2451 18:
951 2382 1039 2468 μεταλ
1063 2385 1127 2473 τήν

59 2486 237 2578 ιυριίννων
273 2485 457 2558 κατάλυσιν
494 2499 529 2557 ἐκ
563 2494 625 2576 τῆς
651 2487 827 2566 ‘Essedon
886 2494 1025 2560 Eiectum
1060 2515 1126 2560 esse

59 2600 235 2675 factionem,
268 2620 334 2682 quae
368 2599 565 2683 Syracusanis
600 2599 733 2675 faveret,
766 2600 805 2665 ad
837 2620 903 2667 rem
935 2603 1124 2682 pertinebat;

58 2726 116 2790 quo
139 2707 268 2777 abisset,
290 2707 368 2771 nihil
389 2706 428 2770 ad
450 2712 539 2780 rem.)

157 2813 227 2878 Ibd.
251 2813 300 2889 57,
323 2815 358 2876 4:
387 2805 527 2877 Τοὺτων
538 2815 621 2877 Χῖοι
635 2806 694 2896 οὑχ
706 2806 884 2884 ὑποτελεῖς
897 2809 993 2882 ὄντες
1005 2806 1125 2895 φόρου,

59 2921 143 2993 ναῦς
167 2919 201 2986 dt
225 2923 428 3004 παρέχοντες
450 2911 635 3003 αὐτόνομοι
668 2924 882 2993 ξυνιόποντο.
926 2920 991 2982 Ηου
1021 2912 1124 2983 αὑτό-

60 3051 159 3108 νσμσι
194 3027 227 3090 et
270 3021 406 3089 historiae
441 3024 618 3090 testimonio
658 3023 850 3106 redarguitur
890 3025 922 3087 et
964 3025 1125 3088 manifesto
1216 3017 1218 3021 ’

59 3131 180 3205 ceteris,
202 3150 270 3215 quae
293 3131 484 3214 Thucydides
509 3129 594 3204 dicit,
626 3131 791 3214 repugnat;
821 3149 893 3193 nam
926 3131 996 3213 post
1014 3131 1124 3211 triper-

59 3238 149 3303 ciram
171 3238 260 3303 illam
286 3236 468 3301 divisionem
498 3242 542 3312 (οἱ
570 3240 634 3318 μὲν
656 3230 815 3319 ὑπήκοοι,
845 3241 877 3300 οἱ
899 3229 928 3300 δ’
950 3229 1019 3323 α’πιί
1039 3242 1123 3318 ξυμ-

60 3346 204 3431 μαχίας,
233 3343 298 3408 εἰσὶ
332 3343 365 3408 δὲ
395 3346 449 3408 καὶ
490 3348 525 3408 οἳ
553 3339 791 3426 μισθοφόροι),
825 3342 857 3406 in
885 3345 983 3426 primo
1013 3361 1123 3426 genere

60 3453 138 3533 (τών
175 3453 242 3535 μὲν
276 3443 437 3533 ὑπηκόων
473 3453 526 3516 καὶ
562 3447 669 3534 φόρου
703 3445 893 3531 ὑποτελῶν)
930 3449 1123 3530 apertissime

60 3578 125 3624 cunr
149 3557 278 3639 reliquis
300 3574 336 3619 ex
356 3556 481 3634 Euboea,
512 3556 629 3627 insulis,
657 3556 744 3621 Ionia
780 3559 914 3620 extremo
942 3555 1009 3618 Ioco
1032 3553 1122 3618 Chios

59 3665 145 3746 ponii
166 3656 343 3745 (Μιλήσιοι
368 3664 423 3726 καί
453 3656 578 3746 Σιίμιοι
604 3665 656 3727 καὶ
683 3666 787 3738 Χῖοι).
846 3661 980 3726 Tantum
1012 3661 1123 3724 hocin

61 3769 140 3835 Chiis
174 3769 305 3851 excipit,
336 3769 426 3850 quod,
448 3771 483 3833 ut
514 3768 604 3852 pitulo
625 3771 696 3852 post
723 3769 759 3832 de
788 3767 1002 3849 Methymnaeis
1039 3767 1123 3841 dicit,

60 3895 184 3958 quorum
208 3894 332 3959 prorsus
355 3875 463 3938 eudem
486 3880 552 3940 erat
574 3876 722 3947 condicio,
754 3873 851 3938 ναυσὶ
886 3875 938 3938 καὶ
968 3867 1009 3938 οὑ
1032 3866 1122 3956 φόροι

60 3975 203 4065 ὑπήκοοι
237 3981 339 4053 erant,
375 3981 431 4044 hoc
464 3984 525 4046 est:
560 3975 620 4067 οὑχ
655 3976 832 4051 ὑποτελεῖς
870 3976 966 4054 ὄντες
1003 3973 1122 4062 φόρου,

60 4093 140 4162 ναῦς
156 4090 190 4154 δὲ
204 4092 420 4171 παρέχοντες.
455 4089 586 4171 Aliquis,
600 4089 721 4172 quinon
733 4087 999 4160 animadverterat,
1022 4086 1122 4152 uerbis
