2580 4530
536 256 595 312 Lib.
614 258 652 314 u
1017 259 1076 320 287

68 482 102 522 ου
120 458 151 522 in
180 457 243 523 dne
274 458 347 521 ante
374 457 510 522 vocalem
540 458 714 539 correptum
742 459 795 536 lv,
827 457 920 523 1438:
953 460 1120 544 πελωρίου

67 574 132 630 tuso
160 565 308 634 λέοντος.
366 560 474 626 Etiam.
498 561 553 637 IV,
580 562 600 621 4
632 566 716 630 recte
738 564 885 629 Merkelio
917 564 950 629 iu
985 568 1119 631 mentem

65 671 142 737 venit
163 667 250 754 ἄτης
273 669 376 752 πῆμα
399 666 581 752 ιλυσιμέρου
602 687 656 749 pro
681 668 864 753 δυσίμερον
894 672 1052 753 (sequente
1073 669 1119 754 η’).

156 777 227 842 Lib.
248 772 391 851 lut-108
414 791 495 855 ερατ

126 879 231 948 Οὕτω
254 881 332 955 νυν,
354 880 544 962 Κυθέρεια,
573 873 650 946 τόδε
671 885 776 965 χρέος,
800 875 844 955 οἷς
865 874 1052 967 α’χορειίεις,
1091 920 1095 926 ·

123 995 222 1074 ἔρξον
245 983 353 1072 ἄφαρ·
376 987 430 1051 aut
453 978 558 1069 μήιτι
581 987 742 1070 χαλέπτεο
765 982 848 1074 μηθ’
872 986 1042 1074 ἐρίδαινε

123 1097 279 1181 χωομένη
304 1092 348 1177 σῷ
371 1091 484 1157 παιιλί·
507 1083 708 1175 μεταλλήξει
730 1085 796 1180 γοίρ
810 1084 957 1158 ’σ’πίσσιυ·

60 1203 124 1267 Nou
159 1202 263 1286 agitur
296 1198 334 1262 de
367 1195 546 1273 desinendo,
588 1197 642 1264 sed
676 1197 712 1262 de
744 1197 899 1263 redeundo
933 1199 971 1263 ad
1011 1199 1121 1264 melio-

61 1322 124 1368 rem
146 1305 307 1378 mentem
353 1303 458 1386 itaque
491 1302 682 1367 scribendum
718 1303 820 1386 opinor
857 1300 1120 1391 μεταλλοίξει.
1233 1374 1236 1379 ,

61 1409 260 1477 minansitive
287 1401 537 1493 μεταλλέσσειν
567 1408 604 1472 de
636 1409 805 1474 mutatione
842 1415 912 1485 (non
941 1411 979 1476 de
1011 1413 1121 1490 morte)

62 1516 157 1580 etiam
184 1515 349 1597 Euripides
383 1515 459 1579 dixit
489 1515 521 1579 in
554 1515 663 1598 fragm.
687 1515 846 1591 Archelai3
886 1517 946 1582 nisi
978 1521 1122 1600 putamus

61 1621 257 1704 Apollonium
271 1615 468 1706 μεταλλήξω
487 1639 542 1705 pro
557 1620 753 1703 μεταλλάξαι
770 1622 890 1688 dixisse.
935 1607 1123 1689 Paulo-'ante
1266 1700 1269 1705 ¹

63 1747 87 1790 v.
114 1726 156 1788 99
190 1727 387 1792 scribendum
421 1723 604 1811 μετέπειτά
628 1721 657 1791 κ’
680 1735 744 1812 (pro
766 1721 808 1814 γ’)
831 1721 1052 1812 α’τεμβοίμην
1075 1738 1122 1794 έσῐ
1237 1716 1239 1721 ,

60 1827 193 1921 αὐτῇι)
861 1858 864 1869 .

160 1939 221 2016 ΠΙ,
243 1939 314 2002 321.
359 1939 419 2020 Qui
450 1939 549 2005 fracta
579 1940 722 2023 procellis
756 1956 832 2004 nave
866 1938 971 2003 tabula
1001 1939 1123 2022 ligneus

60 2047 117 2112 alio
147 2049 273 2128 arrepto
301 2047 442 2120 enatant,
473 2040 543 2112 daed
573 2038 711 2130 δσιίρασι
741 2047 953 2110 πεπτωκέναι
981 2044 1042 2109 dici
1062 2063 1122 2108 non

61 2153 204 2235 possunt;
226 2152 346 2217 rectum
369 2152 442 2216 erit:

333 2251 460 2332 ου’τοιίς
483 2250 512 2324 δ’
535 2259 604 2323 ἐπὶ
626 2251 765 2343 δούρασι
788 2256 992 2340 πεπτηῶτας

152 2355 262 2446 νήσου
283 2355 477 2429 Ἐνυαλίοιο
504 2365 583 2429 ποτὶ
607 2359 702 2446 ξερόν
725 2364 846 2448 ε”ιηλαλε
870 2364 970 2446 κῦμα.

62 2466 213 2532 Similiter
234 2466 289 2546 IV,
313 2470 394 2532 1454
413 2489 528 2535 muscae
552 2464 637 2554 α’μφ’
659 2464 778 2556 ὀλίγην
802 2472 938 2552 μέλιτος
959 2471 1123 2555 γλυκερσυ

62 2576 142 2656 infla
166 2587 364 2657 πεπτηυῖαι.

164 2680 220 2752 ΙΙΙ,
251 2679 310 2741 372
341 2681 447 2746 AEetes
473 2683 600 2764 nepotes
629 2701 716 2754 suos,
744 2701 827 2777 'quos
857 2682 939 2747 ocius
970 2679 1125 2744 discedere

60 2787 158 2861 iubet,
186 2786 361 2863 insimulat,
391 2806 466 2860 non,
501 2790 536 2850 ut
568 2789 702 2861 narrent,
739 2808 810 2852 cum
843 2787 982 2870 naufragi
1019 2785 1125 2850 insulae

62 2891 175 2955 Martis
199 2891 379 2969 adnassent,
403 2893 446 2956 ibi
470 2893 509 2956 ab
530 2894 715 2976 Argonautis
738 2893 777 2956 ad
800 2911 870 2956 eum
891 2892 992 2956 locum
1016 2892 1125 2955 dolatis

61 2999 202 3060 servatos
227 3013 308 3069 esse,
334 2997 389 3061 sed
416 2998 499 3080 ipsos
520 2998 551 3062 in
575 2999 724 3065 Graeciam
753 2997 873 3060 venisse
902 2997 968 3073 (cfr.
993 2998 1067 3065 77⁴5)
1096 2999 1127 3060 et

61 3102 265 3184 expeditionis
291 3101 360 3165 inde
382 3104 420 3167 ab
442 3104 528 3168 initio
557 3107 654 3170 socios
676 3084 786 3176 fuisse,
815 3121 875 3166 non
898 3102 983 3165 aurei
1004 3101 1126 3164 velleris

61 3207 189 3289 petendi
211 3226 317 3284 causa,
352 3210 405 3273 sed
435 3211 521 3294 regni
547 3211 606 3275 sibi
628 3209 775 3291 eripiendi
797 3209 956 3290 susceptae.
1014 3207 1058 3269 Ea
1078 3207 1126 3269 his

62 3313 205 3377 versibus
228 3312 452 3394 exprimuntur:

129 3412 206 3483 Οὐκ
229 3415 318 3502 ἄφαρ
342 3413 535 3504 ὀφθαλμιῶν
556 3447 615 3504 μοι
639 3415 831 3505 οίπόπροθι,
855 3419 1059 3504 λωβητῆρες,

125 3518 241 3590 νεῖσθ’
260 3518 391 3590 αὐτοῖσι
415 3519 541 3593 δόλοισι
565 3529 766 3592 παλίσσυτοι
790 3533 906 3592 ε”κτσθι
929 3525 1045 3610 γαίηςς

94 3716 118 3783 ¹)
140 3716 208 3769 Post
227 3733 253 3770 v.
271 3717 323 3770 248
341 3716 439 3770 excidit
458 3733 561 3780 versus3
581 3734 642 3771 uam
661 3733 745 3786 neque
763 3714 945 3776 anacoluthia,
973 3728 1032 3780 qum
1050 3709 1128 3777 fingi·

134 3811 191 3871 tur,
210 3807 298 3860 ullam
316 3807 455 3861 minimam
474 3807 556 3864 habet
580 3811 636 3864 veri
654 3810 767 3878 speciem
794 3808 854 3876 (τὴν
874 3808 972 3875 οἵγε.
995 3842 1000 3853 ·
1020 3844 1039 3865 .,
1073 3803 1129 3854 sine

137 3899 230 3963 verbm
248 3903 308 3952 tum
326 3900 372 3952 καὶ
391 3901 479 3968 σφέας
498 3899 534 3964 ὡς
554 3904 625 3968 ἴδεν)
655 3919 739 3971 neque
757 3907 805 3957 aut
822 3903 871 3969 τήν
889 3902 937 3954 aut
957 3898 1012 3964 cipe
1032 3894 1130 3949 mutari

136 3994 232 4062 potest
250 4007 344 4060 neque,
368 3993 437 4059 qnod
456 3992 623 4046 desideratur
646 3994 679 4047 ad
698 3992 877 4046 narrationem
895 3989 1059 4049 nectendam,
1079 4001 1130 4037 uno

137 4085 221 4138 verbo
240 4085 350 4139 absolvi.
