2580 4530
232 281 291 341 ml
668 281 770 336 md

187 482 344 564 probabile
367 484 433 546 erat
455 482 492 546 to
515 482 638 546 alumno
660 480 745 544 scire.
797 481 834 545 Iu
856 481 973 546 infante
996 483 1073 547 altor
1105 485 1168 555 est,
1198 481 1250 563 qui

187 590 258 671 post
278 586 504 672 pedagogus).

288 695 337 772 (L)
365 693 442 759 Cum
463 693 636 759 nominibus
661 693 790 777 propriis
818 693 863 759 ito
889 694 1041 759 coniuncti
1061 696 1135 758 sunt
1154 694 1249 757 libro-

187 797 255 862 uim
277 799 371 876 tituli,
401 801 495 865 etiam
518 799 649 885 quadam
672 799 793 863 errandi
814 802 1057 883 opportunitate,
1084 800 1248 864 uteorum

186 905 416 970 obscuraturum
444 907 498 970 aut
529 925 591 970 non
624 903 906 969 animadversurum
935 906 996 969 tria
1028 906 1167 986 exempla
1198 905 1248 969 hic

186 1009 353 1094 adiungere
377 1011 554 1095 appendicis
586 1012 653 1074 loco
683 1010 788 1075 libeat.
841 1011 954 1074 Eorum
981 1011 1116 1093 primurn
1146 1012 1246 1074 estin

186 1116 346 1181 Plutarchi
368 1117 575 1203 Demosthene
604 1134 630 1181 c.
654 1116 710 1193 28,
737 1115 794 1183 ubi·
817 1115 862 1180 sic
887 1115 1003 1181 editur:
1042 1111 1247 1200 Ἕρμιππος

187 1198 219 1286 δὲ
243 1217 305 1286 τὸν
325 1215 468 1309 Ἀρχίαν
491 1228 528 1286 ἐν
549 1234 620 1294 τοῖς
642 1222 814 1304 Λακρίτου
835 1223 903 1288 τοὺ·
918 1217 1058 1308 ῥήτορος
1078 1218 1248 1307 μαθητήν

186 1322 385 1415 οίναγροίῳει.
434 1328 514 1408 Quid
541 1327 609 1392 vitii
637 1331 734 1406 esset,
762 1329 994 1413 interpolatores
1020 1329 1246 1409 intellexerunt,

186 1456 316 1519 quorum
333 1437 384 1519 qui
399 1436 534 1500 codicem
549 1432 572 1498 O
589 1417 724 1516 scripsit,¹
741 1429 785 1497 in'
796 1453 854 1518 quo
874 1435 1037 1518 multiplex
1057 1457 1114 1504 nec
1136 1439 1246 1502 inscita

185 1543 330 1607 correctio
353 1543 410 1627 est,
434 1547 469 1605 ἐν
491 1553 562 1612 τοῖς
581 1539 717 1616 sustulit,
739 1541 801 1617 alii,
824 1542 1021 1624 qiiostlcraes
1043 1527 1167 1608 secutus
1188 1547 1245 1621 est,

184 1656 362 1733 μαθηταῖς
384 1647 616 1712 substituerunt.
651 1646 834 1710 Plutarchus
849 1648 1024 1728 scripserat:
1040 1644 1246 1731 Ἕρμιππος

186 1756 218 1821 δὲ
241 1751 303 1820 τδν
324 1749 466 1841 Ἀρχίαν
489 1759 524 1819 ἐν
546 1755 636 1838 βίοις
658 1751 834 1834 Λακρίτου
856 1779 885 1818 τ.
909 1757 937 1837 ῤ.
970 1749 1138 1839 μαθητήν
1160 1750 1246 1821 α’να-

183 1855 316 1949 γροίῳει.
370 1860 559 1927 Notissimus
593 1862 641 1924 est
672 1859 768 1935 liber,
802 1859 911 1941 quiet
938 1860 1004 1925 sine
1036 1861 1166 1926 articulo
1194 1862 1246 1944 (ἐν

182 1969 290 2052 βίοις)
304 1968 424 2041 citatur,
448 1968 479 2032 et
492 1973 529 2031 ἐν
549 1980 619 2040 τοῖς
632 1966 677 2050 (Ji
684 1989 755 2039 οις,
776 1966 812 2029 ut
827 1967 876 2030 ter
886 1966 966 2048 apud
978 1965 1065 2051 Diog.
1076 1967 1243 2043 Leontium,

184 2072 453 2157 (quemadmodum
476 2074 557 2156 apud
571 2073 754 2137 Athenaeum
768 2069 933 2136 Clearchus
950 2073 981 2136 et
996 2077 1032 2137 ἐν
1053 2074 1098 2159 τῷ
1122 2069 1244 2160 πρώτῳ

183 2181 251 2245 τών
269 2180 355 2263 βίαν
367 2179 449 2261 le.
458 2180 518 2240 234
534 2178 558 2242 F
572 2182 603 2242 et
618 2180 762 2244 similiter
774 2178 856 2254 alibi,
879 2178 934 2241 sed
950 2183 986 2242 ἐν
1002 2180 1143 2266 δευτίρῳ
1156 2182 1244 2264 βίων

180 2284 261 2366 va.
274 2285 330 2343 157
345 2283 378 2360 C,
401 2285 459 2348 XV
469 2304 498 2365 p.
507 2285 564 2345 (581
576 2284 610 2361 C,
633 2290 669 2349 ἐν
690 2280 837 2370 τετάρτῳ
859 2285 947 2366 βίον
967 2285 1031 2350 ΧΠ
1043 2308 1072 2369 p.
1089 2289 1189 2351 5141)
1213 2292 1244 2354 et

181 2389 220 2452 acl
250 2389 381 2451 eundem
411 2389 537 2453 modum
569 2390 663 2467 alibi).
722 2390 867 2472 Alioquin
890 2391 979 2456 facile
1002 2394 1068 2458 erat
1089 2413 1143 2476 pro
1172 2408 1243 2467 τοῖς

181 2495 313 2560 scribere
336 2508 408 2566 τοῖς
428 2495 527 2579 βίοις.

286 2601 350 2677 (Ll)
373 2601 465 2683 Apud
476 2600 698 2665 Philostratum
719 2600 751 2664 in
777 2600 849 2664 vitis
871 2602 1080 2683 sophistarum
1101 2607 1126 2683 Ι,
1150 2609 1199 2685 22,
1224 2611 1241 2669 2

180 2706 225 2770 sic
247 2706 441 2794 scribendum
465 2709 527 2771 est:
560 2703 701 2781 Διεξιοίν
722 2701 786 2792 yolo
810 2703 1002 2784 (Διονύσιος
1024 2704 1240 2798 tirellum)

180 2807 241 2877 τόν
264 2817 495 2896 Δημοσθένην
516 2809 577 2877 τόν
606 2811 693 2897 preco?
719 2807 938 2898 Χαιρώνειαν
960 2811 1179 2905 προσάγοντα
1198 2824 1241 2908 τῇ

179 2921 290 3006 βουλῇ
314 2914 436 2983 ἑαυτὸν
457 2919 552 3000 (prius
574 2919 632 2983 hoc
654 2922 701 2985 est
722 2922 953 2988 declamationis
975 2924 1091 3001 thema,
1113 2927 1152 2991 ab
1175 2928 1241 2992 edi-

178 3027 296 3091 toribus
315 3024 575 3104 animadversum)
589 3031 632 3098 ⁴s'g
653 3019 754 3111 τήνδε
778 3025 843 3114 τήν
863 3030 1039 3116 μονῳδίαν
1053 3033 1115 3097 τοὺ
1137 3025 1240 3118 λόγου

179 3123 435 3235 (εοῐίτδνίοῳον)
450 3127 675 3215 ἐτελεύτησεν·
691 3126 939 3220 ,,οίΧαιρω’νεια
955 3135 1108 3222 τιονῳρδν
1119 3140 1241 3225 χωρίον

180 3239 234 3303 καί
248 3231 352 3302 πάλιν
375 3229 638 3320 αὕτομολήοαοα
662 3234 748 3321 πρὸς
770 3236 851 3314 eoric
867 3235 1066 3328 βαρβάρους
1078 3245 1238 3310 Βοιωτία·

180 3326 406 3418 (ct'Boeotia
437 3341 579 3407 iterum
614 3344 658 3408 acl
691 3346 875 3412 barbaros
908 3350 1172 3434 transgressa,
1204 3353 1240 3416 ut

179 3454 252 3517 ante
272 3449 376 3515 fecisti
396 3449 476 3514 bello
499 3448 638 3527 Persico;
665 3452 757 3535 vulgo
779 3453 834 3517 καὶ
863 3448 969 3519 πάλιν
996 3475 1014 3520 a
1041 3457 1141 3522 verbis
1173 3457 1240 3522 ficti

176 3556 394 3621 Demosthenis
430 3556 635 3639 separantun)
672 3552 850 3632 οτενοίξατε
873 3564 906 3624 οἱ
928 3556 1012 3626 κατοί
1035 3567 1098 3648 γῆς
1119 3559 1239 3648 ἥρωες,

179 3657 278 3748 ἐγγύς
290 3662 476 3728 ,Πλαταιῶν
494 3653 738 3745 νενικήμεθα“,
767 3688 806 3728 κα

176 3771 293 3852 μένοις
316 3771 370 3837 ἐπὶ
394 3769 439 3854 τῳ
460 3776 713 3853 μιοθοῳορεῐνῑ
745 3763 930 3855 ,,Ἀρκοίοιν
952 3768 1060 3861 α’γοροί
1084 3778 1238 3860 πολέμου

178 3868 352 3959 πρόκειται
385 3869 512 3941 καὶετοί
543 3875 610 3940 τῶν
638 3867 814 3960 Ἑλλήνων
844 3875 929 3944 κακοί
960 3874 1025 3965 τήν
1048 3866 1237 3965 Ἀρκαδίαν

177 4030 374 4037 ——.-—

211 4087 235 4155 ¹)
253 4090 323 4146 Anu.
342 4091 436 4160 philol.
455 4094 527 4150 Dan.
543 4095 568 4149 V
584 4113 611 4166 p.
630 4098 664 4152 23
682 4097 711 4150 ut
725 4098 784 4152 160.
