2580 4530
562 266 624 323 Lib.
637 267 660 323 1.
1060 269 1100 333 93

55 462 235 528 iumultoe
261 463 346 530 ulios
367 482 472 529 vorem
499 483 560 530 non
589 465 692 530 minus
720 462 831 529 cudunt
853 464 908 528 eut
932 466 1056 547 propter
1075 465 1141 531 tru-

56 570 127 653 gicee
150 569 320 635 orationis
341 569 420 635 fines
440 588 499 645 non
521 571 598 636 sutis
618 570 732 653 ubique
756 568 843 634 nobis
863 571 952 634 notos
974 572 1028 635 uut
1047 590 1140 657 prop-

56 680 100 738 ter
120 674 297 740 scribendi
321 674 483 751 mendum;
504 675 659 741 interdum
674 662 797 759 uiridem
811 674 925 740 monde
945 676 1011 740 tum
1033 681 1141 758 apertu

57 781 184 846 suntet
207 780 405 857 manifeste,
426 782 573 847 utrorbu
593 780 745 846 litteraeve
767 798 859 845 sensu
889 798 983 845 cuseos
1004 780 1139 866 interpo-

57 886 144 952 htori
161 887 324 970 quumvis
338 904 480 969 perverso
493 886 588 952 tribui
603 887 770 969 nequeent;
794 873 904 967 itaque
920 885 1048 953 delendo
1064 889 1140 954 nihil

58 994 158 1077 igitur
182 992 257 1059 nisi
285 994 327 1057 ut
346 991 510 1059 difficultas
529 994 561 1057 vi
588 992 772 1066 occultetu13
811 991 918 1074 estque
945 991 1001 1057 hoo
1023 1012 1139 1076 quoque

59 1099 244 1183 perfugium
285 1097 466 1163 criticorum
498 1116 559 1163 non
593 1116 627 1162 so
653 1096 880 1180 expedientium
907 1114 1005 1180 neque
1032 1099 1139 1177 libere,

61 1225 122 1288 pure
139 1205 188 1270 sit
210 1222 280 1282 ree,
304 1204 479 1282 fetentium,
501 1223 559 1286 quo
581 1202 720 1286 perfugio
739 1202 894 1267 interdum
908 1203 953 1267 ite
973 1203 1140 1270 abutuntur

61 1310 234 1392 puticuloe
266 1328 415 1375 versuum
440 1309 589 1374 violenter
614 1310 750 1373 muhtue
780 1310 813 1373 et
838 1309 1038 1391 transpositas
1065 1329 1139 1375 con-

62 1417 168 1481 dentes
196 1415 310 1499 (utin
334 1413 493 1497 Sophoclis
519 1414 625 1498 Autig.
647 1414 688 1476 23
708 1419 803 1497 sqq.)‚
825 1417 876 1492 ut,
903 1414 1004 1489 ridere
1030 1434 1069 1479 an
1090 1415 1139 1480 in·
1262 1478 1269 1484 .

64 1521 205 1606 dignere,
231 1519 370 1584 nescius.
418 1518 540 1586 Ceteros
570 1519 729 1585 tamenin
750 1520 807 1585 hoc
829 1538 941 1604 genere
962 1520 1036 1604 (nisi
1058 1520 1139 1603 quod

62 1627 266 1712 llurtungius
281 1622 484 1707 'excipiendus
505 1629 566 1704 est)
589 1645 685 1709 nuper
701 1626 777 1691 vicit
797 1622 861 1692 (iu
880 1623 1070 1702 Dindorfius,
1093 1625 1140 1690 vir

63 1734 171 1799 Graece
195 1732 372 1815 perdoctus
397 1730 430 1795 et
450 1730 482 1794 in
506 1733 598 1797 rebus
624 1730 835 1816 grammaticis
857 1730 1138 1808 exercitatissimus,

63 1840 180 1905 sensim
203 1840 251 1904 eh
277 1836 350 1901 eliis
373 1835 468 1902 initiis
489 1835 521 1900 in
542 1837 622 1902 hanc
648 1838 731 1902 viem
751 1838 924 1921 ingressus,
952 1853 1051 1918 neque
1074 1835 1139 1899 ulle

62 1946 144 2027 peius
168 1945 293 2009 vexate
316 1941 364 2005 cst
384 1941 533 2025 uegetis
551 1962 645 2026 quum
661 1944 820 2028 Iphigenia
834 1941 1020 2007 Aulidensis.
1056 1940 1138 2005 Nam

62 2050 141 2134 qnod
164 2050 318 2133 epilogus
338 2047 427 2112 iuetae
455 2048 618 2132 suspicioni
637 2049 766 2114 editum
788 2049 896 2125 debet,
924 2046 1026 2111 omnie
1047 2045 1138 2109 licere

62 2158 117 2223 reti
147 2158 186 2222 et
216 2153 399 2219 Dindorfius
428 2154 567 2237 uterque·
584 2156 617 2219 et
646 2154 741 2219 ceteri
766 2154 903 2219 fabulum
925 2152 963 2216 eh
994 2151 1138 2234 Euripide

63 2261 290 2345 imperfectam
313 2258 454 2324 relictam
476 2263 521 2337 (et
541 2262 646 2326 tumen
669 2264 770 2326 actem
792 2262 824 2324 et
847 2259 975 2342 editum)
1002 2260 1136 2337 narrent,

63 2374 90 2431 et
109 2364 364 2448 interpolatores
386 2366 506 2449 fingunt
526 2367 604 2430 elios
628 2367 795 2432 Aristotele
820 2364 1006 2449 antiquiores
1014 2366 1056 2449 ¹),
1084 2365 1137 2430 scd

63 2488 166 2537 temen
195 2489 259 2535 neo
282 2489 426 2536 versuum
448 2473 531 2556 leges
552 2490 609 2536 nec
624 2473 773 2537 sermonis
790 2474 864 2538 setis
881 2471 1036 2547 callentes,
1060 2472 1137 2536 ulios

63 2579 171 2643 multis
196 2580 251 2655 (ut
271 2577 339 2659 ipse
361 2577 533 2644 Dindorfiue
559 2579 617 2663 uit)
640 2579 750 2644 seculis
771 2578 948 2654 inferiores,
978 2579 1010 2641 et
1030 2578 1136 2660 longos

63 2703 214 2749 versuum
247 2681 372 2746 ordines
399 2683 536 2762 eliciunt,
569 2684 679 2768 quihus
706 2685 766 2766 ipsi
792 2685 974 2748 confitentur
1000 2683 1137 2748 fuhulum

63 2808 166 2855 rosere
191 2807 259 2853 non
281 2806 371 2871 posse
393 2790 442 2872 (ut
461 2790 492 2854 in
512 2791 647 2856 earmiue
669 2790 765 2867 chori,
797 2790 878 2873 quod
904 2809 972 2854 ev.
1001 2788 1061 2849 lor
1088 2788 1137 2852 in-

62 2898 144 2979 cipit,
171 2895 267 2958 cuius
292 2894 534 2976 quattuordecim
566 2915 673 2961 versus
695 2896 868 2960 Dindorfius
888 2895 1049 2976 relinquit,
1082 2893 1138 2957 sed

62 3003 167 3083 plures
191 2998 378 3082 Euripidem
401 2999 576 3065 additurum
597 3001 708 3078 fuisse,
737 3000 922 3065 sisebutum
950 2999 1136 3082 perfecisset,

62 3110 163 3189 putet,
190 3109 226 3170 et
252 3126 281 3169 v.
306 3124 324 3168 a
346 3106 406 3168 413
428 3107 467 3170 ud
489 3108 580 3190 441),
610 3108 659 3184 iis,
682 3126 749 3188 quae
771 3106 949 3190 significavi,
972 3122 1136 3188 argumen-

60 3215 98 3277 tis
121 3213 270 3277 uteutes.
325 3211 492 3276 Praeiverat
518 3215 550 3278 in
582 3215 640 3279 hoc
671 3213 785 3277 criticen
813 3231 924 3296 genere
952 3211 984 3275 in
1017 3208 1135 3272 Latinis

61 3317 432 3399 hotmen-Peerlkamp,
467 3320 518 3401 qui
550 3339 620 3384 cum
657 3336 728 3383 sua-s
759 3319 888 3382 Horatio
919 3316 1018 3399 poesis
1049 3313 1135 3395 leges

60 3425 249 3508 scripsisset
277 3424 310 3487 et
339 3423 451 3487 multos
477 3424 509 3488 iu
535 3424 697 3505 sententiis
733 3426 765 3488 et
790 3423 892 3487 verbis
921 3417 1135 3499 intellegendis

60 3549 185 3595 errores
210 3528 245 3591 et
266 3545 364 3608 preve
386 3528 423 3590 de
444 3530 534 3595 rebus
555 3530 595 3594 ed
617 3530 761 3594 Latinum
783 3544 955 3593 sermonem
980 3522 1136 3604 pertinen-

61 3710 141 3718 -η-
152 3707 270 3716 .----.

85 3796 91 3823 ¹
102 3804 111 3857 J
132 3789 200 3844 vid.
225 3787 368 3841 Dindorfii
391 3787 491 3855 pretet.
516 3786 557 3844 ed.
581 3789 681 3858 quinte
700 3791 770 3857 poet.
794 3785 887 3840 scenio.
906 3801 931 3852 p.
951 3782 989 3836 Vl
1009 3779 1042 3834 de
1060 3779 1135 3850 Iphi·

131 3883 225 3953 geniae
240 3879 403 3935 Aulidensis
421 3892 445 3936 t.
458 3885 492 3938 80
503 3880 627 3946 (Aristot.
646 3880 769 3935 rhetoric.
789 3878 839 3940 III,
860 3879 914 3942 11).
945 3876 978 3928 ln
997 3871 1136 3942 Sophoclis
1237 3896 1240 3901 ¹

130 3990 246 4046 quoque
274 3974 420 4041 Antigono
446 3972 605 4044 (eoo-928)
625 3972 797 4028 Aristotelem
815 3969 1023 4037 interpolatione
1041 3966 1135 4033 decep·

130 4078 195 4123 tum
215 4068 330 4137 fingunt
350 4063 447 4131 (Arist.
465 4065 505 4120 rh.
525 4063 577 4129 Ill,
596 4066 651 4130 16).
