2580 4530
211 298 252 362 90
648 297 708 354 Lib.
723 299 746 353 Ι.

169 501 201 562 et
234 515 304 561 eum
337 496 461 561 nemine
492 496 577 561 iure
609 498 774 578 ponuntnr;
810 493 957 577 quomode
990 494 1093 558 antem
1128 491 1234 557 Sassia

168 604 312 667 naturae
333 620 471 666 nomeu
493 601 646 665 mutavit?
678 599 849 682 Scripserat
863 599 968 664 Cicero
992 601 1063 682 epte
1079 600 1110 664 et
1130 602 1231 679 ¹recte:

169 709 283 772 etiam
305 707 458 771 ucmiua
478 705 831 783 necessitudinum,
852 723 922 769 neu
945 696 1232 770 sclumnat'uree

168 814 269 899 iura,
297 813 481 890 mutavit3
511 810 634 889 deinde,
661 831 727 895 quae
750 811 791 876 sit
817 811 882 875 haec
909 811 1070 875 nominum
1090 809 1234 888 mutatio,

169 918 326 985 declarat:
354 938 445 984 uxor
468 918 600 1002 generi
627 918 683 982 cet.
728 916 787 1006 Qui
810 935 869 981 ueu
898 915 1072 981 attenderet
1097 916 1234 980 necessi-

168 1025 292 1090 tudines
320 1027 452 1101 naturae,
485 1025 610 1088 nomina
636 1022 750 1088 iuribus
781 1005 986 1104 respendere,
1017 1022 1140 1119 nomina
1161 1041 1233 1087 cum

169 1131 291 1195 numine
314 1130 365 1213 (eb
387 1129 575 1213 singularem
601 1129 746 1192 naturae
773 1127 946 1210 numemm)
976 1128 1148 1210 comparari
1177 1148 1234 1193 vc-

168 1235 242 1312 luit3
277 1235 316 1300 ad
341 1237 526 1301 vocabulum
557 1234 687 1299 orationi
719 1232 916 1299 inserendum
944 1232 1084 1298 additum
1111 1235 1159 1298 est
1187 1236 1232 1298 et.

169 1342 247 1405 Mire
269 1341 469 1407 manifestum
490 1340 735 1405 additamentum
757 1339 850 1403 latuit
869 1339 949 1420 apud
970 1339 1128 1404 Valerium
1149 1339 1232 1403 Max.

169 1447 223 1524 IV,
242 1449 276 1524 ,7,
304 1449 332 1524 2,
360 1448 414 1511 ubi
434 1447 572 1511 Blossius
597 1448 628 1509 et
651 1445 835 1527 Pomponius
858 1446 890 1510 ct
910 1445 1079 1522 Laetorius,
1101 1445 1155 1509 ille
1179 1445 1234 1509 Ti-

170 1554 261 1631 berii,
294 1553 325 1617 hi
348 1553 380 1617 C.
406 1552 537 1619 Gracchi
565 1552 723 1634 usquead
750 1554 920 1616 extremum
949 1550 1060 1627 amici,
1091 1550 1234 1616 furiosi

70 1689 72 1695 ·
150 1645 339 1725 'conatus
378 1660 532 1726 streuui
573 1659 736 1723 comites
785 1656 998 1759 appellantur,
1049 1657 1233 1722 sinistris

170 1765 327 1849 quidem
357 1757 760 1849 auspiciis'amicitiae
794 1761 1058 1827 condicionem
1093 1763 1233 1840 secuti,

171 1870 240 1936 sed
271 1892 342 1955 qno
370 1872 595 1948 miseriora,
625 1871 693 1936 hoc
726 1870 890 1934 certiore
915 1867 1258 1935 fidelitercultae.

170 1977 401 2044 nobilitatis
423 1977 607 2058 exempla.
651 1976 758 2059 Neque
784 1975 976 2040 nobilitatem
1005 1973 1052 2038 illi
1081 1973 1113 2037 in
1137 1974 1240 2048 Grac·—

171 2083 235 2148 chis
259 2085 429 2161 coluerant,
461 2103 553 2167 quam
577 2083 603 2146 si
627 2083 713 2164 sequi
735 2080 920 2156 voluissent,
952 2079 1058 2143 contre
1080 2078 1233 2144 Gracchus

170 2188 342 2265 stetissent,
357 2206 454 2269 neque
470 2162 534 2251 eius
550 2188 594 2250 rei
608 2188 666 2252 hec
682 2187 782 2268 capite
794 2185 935 2251 Valerius
952 2185 1091 2266 exempla
1105 2184 1235 2269 colligit,

170 2293 250 2373 qnod
272 2293 309 2355 de
331 2293 469 2357 amicitia
491 2295 539 2356 est
562 2295 593 2356 ct
616 2291 799 2356 inscribitur.
841 2291 1079 2356 Nobilitatis
1104 2280 1233 2368 addidit,

170 2397 223 2478 qui
245 2397 413 2463 dormitans
441 2417 502 2462 non
535 2396 667 2462 attendit
690 2396 789 2461 audiri
812 2415 847 2459 er
876 2396 1011 2478 proxime
1039 2397 1232 2461 amicitiae.

169 2502 261 2582 Apud
284 2502 416 2567 eundem
437 2503 499 2581 IX,
523 2505 557 2578 1,
581 2508 599 2563 4
622 2522 714 2585 prave
736 2503 807 2584 post
828 2502 1070 2583 comparativum
1092 2502 1233 2566 additum

170 2627 283 2691 quam
312 2610 427 2673 frustra¹
455 2612 486 2673 et
517 2609 591 2673 olim
622 2610 654 2673 et
681 2626 779 2689 nuper
799 2607 976 2690 corrigendo
998 2609 1152 2672 tentatum
1175 2608 1233 2683 est,

170 2732 228 2796 que
250 2714 345 2778 eiecto
367 2717 450 2779 recta
479 2716 511 2779 et
532 2715 685 2779 sententia
706 2716 737 2778 et
758 2713 855 2778 oratio
878 2713 1052 2777 huiusmodi
1078 2713 1151 2777 erit:
1187 2712 1234 2776 Et

170 2821 311 2903 quanto
339 2822 467 2885 tamen
495 2821 783 2902 insequentium
815 2820 1027 2883 seculorum
1054 2817 1232 2883 aediliciis

170 2926 209 2988 ct
239 2923 459 2988 nemoribus
491 2926 755 3010 angustiorem
785 2926 1086 2990 introduxerunt
1117 2925 1233 3008 atque

169 3030 389 3095 inchoatam
430 3049 448 3093 a
483 3050 521 3094 se
553 3032 757 3097 lautitiam
796 3032 969 3113 posteris
1005 3031 1233 3114 relinquere

171 3156 283 3219 quam
311 3156 330 3201 a
360 3134 569 3200 maioribus
598 3139 797 3218 acceptam
825 3138 1111 3203 continentiam
1137 3137 1233 3202 reti-

170 3260 262 3306 nere
284 3241 514 3306 maluerunt.
547 3243 583 3305 ln
600 3242 754 3308 codicibus
771 3244 819 3307 est
840 3244 1099 3326 angustiorem
1123 3262 1233 3326 quam

166 3345 310 3411 iutrcd.
358 3346 454 3411 Paulo
476 3348 596 3430 longius
618 3349 760 3413 Valerius
782 3348 981 3412 lautitiam
1002 3349 1124 3426 reiecit,
1152 3348 1234 3431 qucd

171 3452 247 3516 duas
274 3452 441 3518 sententias
464 3453 687 3534 quodammode
717 3453 873 3530 conflavit,
907 3454 1036 3518 alteram
1058 3455 1151 3519 hano:
1186 3454 1234 3518 Et

171 3560 316 3640 quanto
346 3607 437 3622 ....
476 3559 746 3641 augustiorem
773 3559 1077 3624 introduxerunt
1109 3560 1234 3624 lauti·

170 3663 283 3741 tiam,
308 3664 439 3729 alteram
459 3664 553 3728 hanc:
583 3664 805 3730 inchoatam
828 3684 846 3729 a
873 3683 910 3728 se
937 3665 1134 3729 lautitiam
1162 3685 1234 3746 pc·

171 3769 296 3833 st'eris
325 3771 553 3852 relinquere
580 3788 693 3851 quam
799 3771 1068 3855 malueruut¹).
1117 3770 1179 3836 Sed
1200 3772 1233 3836 in

334 3904 338 3911 =

170 3915 368 3931 ..ψ-...ω-

195 4007 221 4074 ¹)
243 4006 334 4060 simili
352 4010 448 4064 mendo
466 4008 776 4079 cpudGolnmellambis
794 4002 855 4078 post
872 4012 1017 4074 tentum,
1037 4028 1089 4080 quo
1105 4016 1235 4080 sequente

241 4103 279 4153 nt
303 4104 352 4154 eut
374 4118 413 4156 ne
440 4102 504 4157 finis
528 4100 707 4171 significatur,
738 4101 772 4155 ad
794 4117 873 4170 quem
899 4118 982 4170 nsque
1008 4102 1234 4172 progrediendum
