2580 4530
555 243 614 299 Lib.
634 247 655 296 I.
1033 247 1091 309 127

160 443 222 523 (II)
252 442 347 525 Apud
371 441 573 507 Plutarchum
599 443 632 507 in
661 444 751 511 Arati
778 466 804 511 c.
833 447 867 521 6,
902 447 954 512 uhi
981 447 1019 512 de
1041 449 1132 514 Arati

58 548 199 614 consiliis
229 547 374 633 Sicyonis
404 547 571 613 liberanda
600 550 759 632 exponitur
793 558 842 627 (er
870 570 929 635 quo
955 551 1021 616 loco
1050 553 1133 619 aliud

56 654 579 735 mendumsuotomporetollam)‚
601 654 667 719 haec
681 657 865 722 scribuntur:
888 649 1132 741 Ἐμοοθώουοο

56 761 90 827 δὲ
115 761 174 827 καὶ
203 756 261 826 (leot
284 751 426 843 πρώτου
442 757 634 842 Ξενοφίλου
656 763 724 826 τῶν
743 754 966 846 α’ρχικλοῖπωυ
987 758 1029 830 ού
1050 767 1133 831 πολ-

57 861 140 940 λοὺς
172 859 399 950 στρατιώτας.
458 865 519 930 Cur
547 860 682 947 primurn
712 887 768 950 per
789 867 991 950 Xenophilum
1019 872 1132 937 milites

56 972 249 1038 conduxerit
271 981 359 1051 (uam
382 973 442 1037 hoo
463 971 740 1056 significantverba
756 972 800 1036 sic
812 972 914 1065 posita
927 972 980 1042 dra*
997 973 1133 1059 πρώτου

56 1078 112 1151 Ξ.,
135 1078 202 1143 etsi
224 1079 348 1142 rectum
371 1079 440 1143 erat
462 1080 597 1162 πρῶτον
626 1074 680 1144 deci
704 1079 919 1160 Ξενοφίλου),
950 1097 1009 1143 non
1032 1081 1133 1163 magis

58 1185 192 1267 apparet
213 1202 324 1266 quam,
348 1183 431 1248 unde
452 1185 611 1268 genetivus
634 1179 856 1271 α’ρχικλώπωυ
878 1184 1024 1267 pendeat;
1053 1187 1132 1268 quod

56 1293 165 1354 autem
199 1288 345 1363 fuerunt,
382 1288 435 1371 qui
456 1290 547 1354 scribi
574 1291 695 1356 vellent
716 1286 769 1357 ded
793 1289 873 1363 Ξευ.
901 1284 1039 1374 πρώτου
1065 1293 1133 1357 τῶν

56 1388 301 1481 ἅρχικλυὶπωυ,
332 1396 369 1460 ut
390 1394 451 1459 dux
471 1394 625 1461 latronum
647 1397 880 1481 significaretur,
903 1415 941 1462 ne
963 1397 1062 1462 dicam
1087 1399 1131 1464 sic

58 1503 216 1584 πρῶτος,
248 1499 365 1567 omisso
395 1501 567 1582 praesertim
590 1502 733 1578 articulo,
762 1503 824 1569 dici
852 1521 912 1568 non
933 1521 1032 1586 posse,
1071 1523 1131 1569 nou

59 1610 198 1691 πρῶτος
221 1610 292 1673 τῶν
314 1598 535 1693 α’ρχικλώπωυ
548 1611 615 1673 erat
625 1607 822 1691 Xenophilus,
844 1610 1043 1692 sedapoiaoc
1064 1610 1132 1674 acio

60 1716 221 1789 κλωπῶν,
250 1716 308 1779 hoc
330 1717 379 1778 est
403 1706 587 1799 depictione.
634 1714 772 1796 Apparet
793 1694 905 1796 prater
923 1714 1128 1796 Xenophilum

60 1823 200 1887 alterurn
236 1820 431 1886 nominatum
463 1819 559 1884 tuisse
594 1820 772 1902 praedonum
807 1821 932 1896 ducem3
968 1821 1131 1902 scripserat
1225 1831 1229 1841 ·

57 1930 142 1993 enim
153 1927 347 1993 Plutarchus
369 1920 424 1992 ‹lroi
445 1921 619 2010 Πρώτου
646 1927 713 1992 καὶ
736 1926 926 2009 Ξενοφίλου
947 1927 1016 1991 caio
1038 1920 1131 2012 α’ρχι-

57 2028 221 2100 κλώπωυ.
268 2032 347 2098 Cum
369 2025 506 2117 πρώτου
527 2051 581 2113 pro
604 2032 787 2115 appellativo
809 2033 1009 2113 acciperetur,
1036 2032 1131 2097 omis·

58 2161 127 2206 snm
152 2141 207 2205 est
233 2139 300 2203 καί.
344 2140 632 2222 ’Πρώοοςοοοοοο
660 2139 815 2222 proprium
843 2139 874 2202 in
901 2138 1007 2204 lexicis
1031 2157 1046 2203 e
1069 2140 1131 2203 De-

58 2246 239 2324 mosthene,
254 2243 420 2308 Plutarcho
431 2243 496 2325 ipso
508 2243 584 2323 (Sol.
593 2247 666 2321 ci),
688 2244 936 2326 inscriptionibus
949 2247 1125 2321 annotatur3

57 2353 143 2417 idem
176 2351 210 2414 in
242 2350 307 2415 vita
328 2348 476 2412 Dionisc
507 2350 561 2424 οῦ,
590 2368 660 2415 cum
682 2369 736 2433 pro
758 2350 908 2415 numerali
934 2351 1129 2433 acciperetur,

59 2458 240 2523 Schaeferus
263 2453 400 2538 agnovit.
914 2446 917 2455 '

164 2562 246 2640 (III)
268 2560 304 2623 In
328 2558 483 2625 Ciceronis
504 2561 638 2626 oratione
659 2578 713 2641 pro
738 2559 824 2624 Sulla
846 2559 896 2633 55,
918 2561 971 2625 ubi
993 2560 1129 2627 defendit

60 2673 184 2735 crimen
206 2666 413 2750 gladiatorum
434 2665 533 2748 specie
555 2669 690 2732 muneris
712 2685 731 2731 a
752 2666 865 2730 Fausto
893 2666 985 2731 dandi
1010 2672 1128 2750 empto-

58 2796 128 2841 rum
153 2773 255 2838 Sullae
287 2772 455 2846 obiectum
487 2773 530 2835 sio
560 2772 643 2835 locus
670 2772 874 2836 concluditur:
916 2775 994 2837 Iam
1026 2774 1059 2838 si
1091 2776 1129 2838 in

58 2878 247 2966 paranda
272 2875 427 2940 familia
455 2878 562 2942 nulla
586 2879 758 2961 suspicio
782 2881 855 2952 est,
884 2879 967 2962 quis
989 2879 1130 2961 praefu-

58 2991 156 3064 erit,
183 2982 283 3049 nihil
306 2980 349 3045 ad
371 3000 446 3044 rem
468 2982 654 3064 pertinet.
713 2983 789 3048 Sed
815 2987 945 3049 tamen
973 3003 1129 3049 munere

57 3096 189 3175 (contra
212 3087 332 3154 codices
355 3085 497 3150 scribitur
516 3087 555 3150 in
578 3102 744 3163 munere)
766 3091 904 3155 servili
925 3090 1068 3155 obtulit
1090 3108 1129 3153 se

56 3204 103 3269 ad
126 3194 386 3265 ferramenta
406 3192 696 3274 prospicienda,
727 3197 885 3279 praefuit
912 3213 1004 3260 vero
1033 3213 1129 3257 nun·

56 3324 197 3393 qnam,
257 3316 381 3381 eaque
420 3317 479 3362 res
518 3299 616 3362 omni
656 3300 823 3383 tempore
861 3319 926 3384 per
962 3299 1128 3374 Bellum,

56 3410 211 3479 Fausti
235 3404 440 3486 libertum,
463 3403 745 3470 administrata
766 3409 833 3472 est.
875 3405 1044 3488 Aptissima
1065 3405 1130 3469 haec

55 3520 223 3587 adduntur
246 3513 280 3578 et
301 3509 466 3574 cohaerent:
511 3510 606 3586 „Etsi
629 3512 769 3593 quoniam
791 3513 830 3576 ad
851 3529 916 3574 rem
937 3508 1013 3572 nihil
1033 3512 1129 3591 perti-

57 3629 124 3700 net,
156 3621 304 3707 poteram
329 3615 486 3690 omittere,
513 3616 616 3681 tamen
644 3617 755 3683 addam
777 3616 893 3681 Sullam
920 3615 1034 3697 aliquid
1058 3636 1129 3682 sane

126 3876 336 3945 Amphoterum
360 3870 514 3941 οὐδέτερον.
560 3874 676 3928 Tollitur
704 3874 792 3931 luens,
814 3871 837 3924 si
863 3886 908 3938 pro
933 3869 1042 3926 Cratero
1065 3874 1128 3927 sub·

125 3970 264 4024 stituitur
291 3964 370 4017 homo
397 3963 449 4016 iam
474 3965 502 4019 id
525 3982 619 4020 nornen
644 3964 805 4034 (inauditum
830 3963 960 4032 alioquin)
979 3967 1128 4033 germain

124 4080 180 4134 quo
200 4059 277 4114 insit
296 4055 459 4125 significatio
478 4057 646 4127 dppoce'pov.
