2580 4530
572 234 633 295 leb.
650 235 704 293 III.
1067 236 1130 303 385

203 434 272 500 lbd.
284 453 314 518 p.
328 436 387 498 271
402 436 448 501 A:
470 429 508 500 τό
533 433 566 500 δὲ
587 438 727 521 γηγενὲς
739 434 828 503 εἶναι’
841 459 925 501 ποτε
936 439 1033 523 γένος
1045 441 1172 524 λεχθὲν

110 533 197 607 τουτ’
220 530 266 624 ηἰι
288 533 327 605 τό
351 535 424 607 κατ’
446 547 575 607 ἐκεῖνον
597 535 659 607 τόν
680 534 802 627 χρόνον
824 548 859 631 eae
881 543 944 629 γῆς
965 536 1071 611 πόλιν
1085 537 1173 612 α’να-

110 640 352 734 ιερεφόμενον.
408 647 505 712 Nulla
529 648 596 713 erat
619 639 818 734 α’ναοτροφή
839 655 906 727 (nee
928 649 985 715 hee
1007 651 1045 716 de
1066 671 1174 718 resur·

109 754 250 839 gentibus
272 753 406 832 dieitur).
451 752 568 820 Sorib.:
592 745 959 840 α’νατρεφόμενον.

205 859 327 924 Ibd.B
360 860 458 925 omnis
492 859 658 925 difficultas
694 862 852 926 evanescit
883 863 1006 945 recepte
1034 880 1051 926 e
1084 866 1116 929 Δ
1123 865 1172 938 Π,

109 965 188 1050 quod
208 966 284 1031 lieet
303 966 452 1049 suspicari
475 966 568 1032 etiem
589 966 621 1030 in
638 965 693 1030 Ox.
717 966 820 1041 fuisse,
844 985 973 1049 queeum
993 967 1042 1032 illi
1064 971 1174 1034 eontra

109 1073 229 1138 eeteros
255 1072 428 1155 conspirate
456 1073 573 1150 solent,
601 1066 638 1137 τό
667 1066 748 1144 τους
773 1065 969 1158 πρεσβύτας
994 1092 1049 1155 pro
1070 1076 1116 1162 τῷ
1138 1103 1168 1140 τ.

110 1203 163 1262 πρ.
202 1178 386 1261 sublatoque
419 1180 490 1243 ante
526 1180 568 1266 τῇ
603 1179 725 1267 τροπῇ,
763 1178 844 1261 qued
878 1179 941 1244 iam
972 1179 1173 1248 Hermennue

109 1285 244 1363 sustulit
270 1284 446 1368 ceteroquin
466 1284 559 1369 lenge
581 1304 599 1350 e
620 1304 691 1350 vere
715 1285 870 1364 aberrans,
897 1293 1054 1365 ἕπεσθαι,
1085 1287 1167 1371 qued

109 1393 171 1458 tres
194 1391 244 1456 illi
267 1390 343 1456 certi
365 1391 462 1456 testes
484 1391 641 1456 emitttun.
695 1390 746 1456 Sic
775 1391 856 1456 enim
884 1392 967 1458 loeus
990 1393 1170 1467 scribendus

110 1500 169 1564 est.
204 1490 368 1583 ἐχόμενον
388 1490 451 1583 γάρ
478 1502 546 1562 ἐστι
569 1497 803 1578 (proximumet
824 1518 1010 1582 consequens
1041 1503 1100 1578 est)
1132 1493 1171 1566 τό

110 1597 190 1677 τοός
220 1595 417 1688 πρεσβύτας
444 1604 569 1669 ἐπὶν
533 1627 573 1685 τη
578 1627 598 1665 ν
629 1603 692 1668 τοὺ
721 1600 893 1676 παιδός’
880 1609 965 1670 ιε’ναι
993 1599 1108 1688 φύσιν,
1136 1611 1171 1671 ἐκ

110 1711 175 1777 τῶν
207 1702 495 1794 τετελευτηκότων
531 1640 594 1782 αό,
637 1715 800 1794 κειμένων
838 1704 868 1776 δ’
901 1719 937 1776 ἐν
973 1713 1029 1800 γη,
1066 1708 1172 1778 πόλιν

112 1823 177 1883 ἐκεῖ
210 1819 474 1899 ξυνισταμένους
511 1815 566 1879 καὶ
600 1808 937 1902 οἶναβιοιοιιομὲνους,
979 1820 1021 1906 τῇ
1059 1822 1171 1906 τροπῇ

111 1926 474 2008 ουναναιιυκλουμένης
486 1925 535 1994 εἰς
546 1915 710 1988 τόναντιά
727 1923 788 2006 τῆς
799 1928 958 2009 γενέσεως
970 1927 1173 2008 ιηοιιοναιὶοπο

109 2053 170 2093 una
211 2053 281 2092 eum
323 2040 410 2093 terroe
442 2030 630 2091 conversione
664 2030 696 2090 ιἰι
740 2031 926 2097 eontrarium
965 2052 996 2093 ee
1026 2041 1168 2108 υαυοπτις

108 2155 250 2220 perverse
305 2135 523 2201 stallbaumius
573 2137 604 2200 et
651 2136 844 2201 Hermannus
894 2140 1172 2204 σοναναιιοκλου-,

111 2246 260 2326 μένους).

210 2349 279 2414 Ibd.
307 2350 354 2413 D:
387 2342 462 2414 τότε
489 2344 553 2433 γαρ
588 2339 694 2429 αὐτῆς
727 2347 862 2431 πρῶτον
892 2350 953 2433 τῆς
985 2346 1177 2435 κυκλήοεοις

110 2447 212 2543 ἦρχεν
235 2446 507 2540 ἐπιμελούμενος
529 2449 610 2536 ὅλης
632 2448 651 2518 ό
674 2447 770 2528 θεός,
784 2448 828 2527 ιός
851 2456 915 2521 νυν
937 2452 1020 2523 κατα
1044 2453 1172 2530 τόπους

110 2557 240 2630 ταότόν
263 2563 363 2628 τοῦτο
386 2553 454 2625 όπό
478 2560 572 2625 θεῶν
586 2552 758 2644 α’ρχόντινν
773 2556 888 2649 πόντη
902 2559 943 2628 τό
966 2566 1029 2629 του
1043 2556 1173 2647 κόσμου

110 2675 196 2756 μέρη
232 2668 464 2751 διειλημμένα.
506 2666 672 2730 Manifeste
704 2684 887 2748 praeeesse
913 2665 1073 2743 ιειὶιιιιῖς
1101 2673 1174 2747 νόν,

110 2778 136 2842 si
163 2776 205 2842 ad
227 2772 388 2858 sequentia
405 2772 585 2846 referentur,
607 2771 693 2848 eatis,
715 2774 974 2854 nepluradieam‚
999 2777 1174 2856 ostendunt,

111 2902 177 2965 quae
214 2903 244 2964 p.
270 2874 340 2942 '273
370 2877 573 2960 Aleguntur‚
607 2896 623 2941 e
657 2878 767 2960 quibus
800 2882 928 2963 apparet
964 2901 1045 2946 nune
1077 2883 1172 2948 alium

109 3007 212 3054 rerum
234 2987 368 3051 ordinem
392 3003 458 3048 esse
481 2982 551 3057 diei,
579 2982 652 3046 elim
674 3002 744 3047 eum
766 3003 887 3050 summe
910 2985 966 3051 dee
996 2988 1172 3054 coniunctos

110 3092 264 3158 daemones
286 3090 414 3174 singulis
438 3089 576 3172 partibus
598 3087 765 3171 praefuisse,
788 3108 862 3172 quas
874 3099 981 3174 postea
996 3094 1174 3176 reliquen'nt

111 3204 150 3280 (p.
181 3198 242 3259 272
264 3196 314 3272 Ε).
357 3196 543 3261 perturbata
565 3196 613 3259 eet
644 3195 738 3258 etiem
766 3196 861 3261 tetius
883 3198 944 3262 leei
978 3199 1172 3263 eohaerentia.

110 3301 312 3368 Scribendum
345 3303 406 3367 est:
443 3293 462 3365 ό
499 3295 585 3372 θεός
621 3293 664 3372 οἷς
694 3301 775 3376 νόν,
810 3304 874 3367 καὶ
913 3299 998 3367 ιιατοὶ
1033 3298 1175 3378 τόπους,

110 3405 237 3475 ταύτόν
259 3410 373 3482 τουτο,
403 3401 472 3473 όπό
502 3407 597 3472 θεῶν
627 3399 799 3492 α’ρχόντοιν
821 3401 939 3474 πάντ’
968 3400 1018 3493 ἦν
1047 3410 1087 3475 τα
1112 3411 1174 3477 του

110 3508 243 3599 ιιόομου
263 3518 349 3600 με’ρη
378 3515 611 3597 διειλημμένα.
654 3513 714 3578 Pro
738 3513 801 3591 καί,
824 3516 904 3598 quod
926 3515 1072 3581 facillime
1100 3518 1172 3583 ante

110 3617 194 3688 κατά
218 3622 356 3686 exeidere
384 3622 515 3703 peterat,
543 3621 644 3702 potest
671 3621 766 3685 etiam
797 3621 945 3702 seriptum
966 3621 1062 3687 fuisse
1085 3623 1172 3690 εἶτα

110 3731 195 3810 (εἶτα
220 3721 325 3804 κάτα).
365 3719 501 3791 Ταότόν
522 3725 623 3790 τοῦτο
645 3728 835 3808 appositione
847 3745 900 3809 pre
912 3725 1055 3793 adverbio
1075 3730 1173 3795 inter-

108 3836 197 3919 penit
196 3855 244 3900 ur.
294 3822 464 3899 Πάντα
441 3835 544 3915 ηνι
508 3831 709 3897 Stallbaumio
733 3832 868 3897 debetur.
876 3832 901 3908 ¹)

135 3984 207 4054 ¹)P.
227 3988 280 4042 273
298 3980 352 4038 D
342 4007 357 4039 ο
376 3988 425 4054 τῆς
443 3982 641 4053 ἀνομοιότητος
660 4003 775 4052 απειρος
795 4005 832 4037 ων
850 3981 944 4046 τόπος,
963 3983 994 4035 in
1012 4000 1064 4053 que
1089 3986 1173 4042 stall·

179 4078 305 4133 beumiue
324 4078 414 4140 heret,
433 4076 512 4130 chaos
530 4079 578 4143 eet,
597 4077 644 4131 ubi
663 4078 754 4132 emnia
770 4076 881 4131 eandem
900 4074 1001 4130 hebent
1018 4076 1123 4135 faeiem.

153 4169 267 4207 neuwen
279 4172 358 4204 Acme.
371 4171 421 4204 cm.
943 4174 976 4220 ²5
