2580 4530
192 217 253 280 206
621 217 683 275 Lib.
699 216 738 274 11.

249 417 317 482 Ibd.
336 415 506 493 -824„825
540 416 681 482 Minerva
711 373 912 495 Eumenides,
945 437 979 486 se
1012 419 1212 486 inhonoratas

150 541 217 589 esse
230 523 272 588 *et
294 521 449 588 contemni
470 524 640 606 querentes,
664 522 707 588 sie
728 513 909 607 alloquitur:

286 621 360 696 Οῶκ
382 621 449 694 ἔστ’
470 624 600 714 ἄτιμοι,
622 621 704 712 μηᾶ’
725 623 939 715 ὑπερθύμως
956 627 1052 719 Ιἄγαν

283 735 366 800 θεαὶ
387 734 522 820 βροτῶν
544 728 688 820 στήσητε
712 727 881 821 δῶσκηλσν
902 731 1025 823 χθόνα.
1148 756 1152 765 “

240 838 414 937 ΔΜεοὶΐσεὺο
432 843 608 925 corruptum
631 844 678 908 cst
699 834 820 929 χθόνα.
865 842 1066 911 Scribendum
1091 845 1212 912 ridetur

150 936 318 1030 δύσκηλον
338 944 478 1034 polion:
506 967 584 1013 neve
601 948 694 1014 nimis
713 949 909 1015 vehementer
924 952 1125 1034 conceperitis
1147 952 1212 1018 deae

149 1053 324 1118 mortalium
345 1054 573 1138 implacabilem
594 1056 688 1130 mam,
720 1054 752 1119 id
781 1057 845 1130 est,
878 1055 977 1141 qualis
1003 1057 1036 1122 in
1069 1060 1211 1125 mortali-

148 1160 206 1225 bus
229 1178 296 1225 esse
319 1161 405 1226 solet.
437 1158 441 1167 '
1020 1166 1024 1174 ·

162 1252 163 1257 “
248 1266 316 1332 lbd.
339 1266 399 1328 913
424 1286 489 1349 sqq.
513 1266 557 1345 (in
579 1262 726 1330 Mineruae
749 1265 911 1344 oratione):

609 1372 686 1437 Τῶν
707 1362 954 1456 σῖρειφῶτοινδ’
974 1369 1039 1461 tyci

283 1476 443 1561 πρεπτῶν
464 1468 605 1562 αἠῶνων
629 1471 691 1544 οὐκ
713 1472 874 1564 α’νὲξομαι
896 1473 934 1545 ao*
957 1475 1008 1566 μη
1031 1474 1075 1548 οῶ

282 1574 377 1668 τήνδ’
397 1576 579 1650 οἷστύνιιισν
602 1589 638 1649 ἑν
658 1587 796 1670 βροτοῖς
817 1587 923 1670 τιμῶν
945 1582 1056 1654 πόλιν.

249 1688 392 1755 Genetivi
426 1690 504 1755 ratio
537 1690 625 1755 reddi
656 1692 689 1755 in
715 1691 773 1756 hac
800 1692 950 1775 scriptura
975 1688 1083 1778 nequit
1110 1713 1209 1780 neque

147 1794 298 1861 usitatum
321 1790 382 1861 σῶκ
405 1789 565 1881 α’νὲξομαι
588 1791 625 1863 co*
648 1792 699 1881 μη“
722 1790 774 1864 od.
807 1796 1005 1865 Sombendum
1029 1793 1092 1867 οῶκ
1115 1794 1209 1884 cipri·

149 1907 188 1976 ξο
195 1928 286 1987 μαι,
320 1921 418 1988 aquo
439 1905 484 1968 ita
504 1903 619 1987 pendet
646 1905 819 1988 genetivus,
853 1906 889 1969 ut
914 1925 1036 1987 prorsus
1065 1909 1209 1973 consueto

147 2026 232 2074 more
252 2010 475 2092 superaddatur
501 2004 539 2080 τό
569 2003 620 2095 μή
643 2005 685 2075 od
706 2011 823 2094 τιμᾶν.
859 2009 960 2095 (Synt.
983 2012 1083 2079 Graec.
1106 2013 1124 2096 ξ
1148 2013 1209 2077 156

148 2117 212 2180 not.
231 2116 262 2189 4,
279 2115 517 2200 Bemerlrnngen
538 2135 568 2198 p.
593 2116 656 2194 61.)
915 2126 928 2162 u

243 2221 291 2295 (In
312 2220 449 2304 AEschyli
470 2214 629 2304 Phrygum
651 2240 675 2286 s.
691 2216 860 2306 Ἕκτορος
882 2215 1013 2306 λα’τρων
1034 2222 1208 2308 fragmento

44 2387 46 2396 ,
146 2345 177 2388 n.
201 2324 377 2404 15711111.
402 2326 498 2391 edV
528 2326 737 2392 scribendum:
780 2329 850 2393 Καὶ
874 2322 955 2400 code
977 2325 1156 2402 θανόντας
1179 2333 1209 2394 εἰ

148 2432 263 2501 θέλεις
293 2423 525 2516 εῶεργετεῑνιῙ
565 2427 695 2517 η’γοον
736 2446 951 2519 κακουργεῖν,
1001 2429 1209 2518 depotentes

148 2543 225 2624 ἔχει,
254 2536 307 2600 καὶ
331 2529 419 2621 μήτε
446 2538 576 2622 χαίρειν
605 2530 694 2622 μήτε
717 2541 902 2605 λυπεῖσθαι
929 2532 1088 2624 βροτούς.
1149 2540 1209 2605 Sed

147 2662 200 2726 pro
222 2640 370 2727 βροτούς
391 2643 537 2727 praetcrea
560 2637 652 2727 τιάρα
675 2647 729 2708 aut
750 2644 850 2709 simile
873 2645 989 2727 aliquid
1009 2645 1208 2728 ponendum.)

246 2747 410 2835 Sophoclis
431 2748 588 2833 tragoediae
609 2749 693 2814 idem
719 2763 799 2814 nuno
826 2750 942 2814 habent
968 2746 1071 2815 textus
1094 2750 1208 2815 consti-

146 2858 251 2923 tuendi
272 2856 521 2928 fundamentum,
557 2855 637 2937 quod
657 2855 808 2940 AEschyli,
845 2855 899 2920 sed
926 2875 997 2920 cum
1026 2856 1114 2920 etin
1142 2857 1208 2921 tota

147 2961 293 3027 orationis
314 2961 413 3025 forma
434 2960 517 3024 etin
539 2960 729 3045 singulorum
749 2961 912 3027 verborum
924 2981 982 3026 usu
995 2961 1098 3027 minus
1113 2962 1208 3027 habe·

147 3069 216 3133 rent
237 3067 356 3132 duritiae
375 3068 409 3131 ,et
429 3066 607 3140 insolentiae,
632 3068 664 3131 et
684 3086 703 3131 a
724 3066 856 3131 librariis
878 3067 979 3156 minus
998 3067 1080 3131 male
1092 3068 1208 3133 habita

147 3177 219 3241 sunt
240 3177 272 3238 et
294 3173 381 3238 nobis
403 3171 559 3254 aliquanto
581 3173 741 3238 certiorem
765 3172 840 3236 dant
868 3172 908 3236 ad
935 3173 1048 3238 menda
1069 3173 1208 3238 tollenda

147 3280 276 3357 aditum,
290 3278 465 3347 nontamen
476 3277 512 3340 ut
525 3277 615 3343 valde
628 3279 717 3344 nobis
728 3278 877 3362 gratulari
892 3280 924 3343 et
936 3278 1092 3369 confidere,
1101 3279 1206 3346 liceat.

248 3385 337 3451 Aiae.
354 3372 393 3446 53
415 3400 570 3466 nunquam
583 3383 762 3469 intellegere
782 3382 880 3466 potui,
903 3383 1053 3466 quomodo
1067 3375 1210 3450 Minerva

147 3510 180 3556 se
213 3484 402 3575 θεοφόρους
430 3480 482 3553 ἐπ’
515 3485 648 3573 ὄμμασι
681 3483 819 3576 γνῶμαι
853 3492 975 3573 βαλεῖν
1002 3489 1098 3565 dicat3
1132 3508 1207 3554 nam

67 3588 70 3593 “
146 3597 289 3681 γνῶμαι,
313 3615 379 3679 quae
400 3613 438 3659 ne
461 3585 621 3678 δύσφοροι
644 3597 767 3679 quidem
782 3596 854 3678 apte
875 3589 1024 3668 dicuntur,
1048 3595 1087 3660 ab
1110 3595 1207 3660 oculis

147 3702 342 3768 alienissimae
365 3702 444 3766 sunt.
493 3699 571 3765 Puto
594 3700 785 3784 Sophoclem,
810 3699 932 3766 servata
950 3697 1107 3764 oculorum
1128 3701 1207 3766 aciei

145 3808 331 3893 perturbatae
354 3809 386 3872 et
407 3807 575 3873 obscurata
589 3806 742 3890 imagine,
763 3805 935 3888 scripsisse:

278 3905 368 3997 ’Eyto'
394 3903 451 3999 σφ’
468 3905 615 3999 ῶτιὲργα,
639 3907 827 3996 δνοφόροας
850 3901 902 3974 ἐτ’
923 3902 1056 3992 ὄμμασι

278 4010 413 4103 λη’μας
435 4020 604 4106 βαλοῦσα,
626 4019 687 4103 της
709 4011 895 4103 α’νηκέστσν
918 4012 1033 4100 χαρᾶς.
