2580 4530
481 1279 714 1347 Pnofflnlun.

53 1393 128 1529 opus
168 1447 285 1511 ordior
327 1467 431 1531 neque
470 1449 644 1532 argumenti
684 1450 846 1531 splendore
884 1455 1126 1520 commendabile

55 1571 132 1634 ueqm
155 1553 293 1618 dicendi
323 1555 516 1619 ornamentis
542 1558 743 1638 opportunum
776 1576 873 1638 neque
895 1561 1031 1624 materiae
1062 1562 1126 1627 dis·

55 1660 193 1737 positione
225 1663 262 1725 et
293 1659 403 1724 ordine
437 1659 647 1733 artificiosum,
669 1662 787 1727 humile
810 1665 912 1727 totum
934 1665 965 1727 et
986 1664 1124 1748 simplex,

57 1765 230 1843 eumen,
272 1767 311 1829 ut
342 1765 467 1846 opinor,
507 1766 559 1848 qui
595 1767 626 1831 in
650 1767 765 1833 Graecis
799 1769 978 1850 Latinisque
1014 1771 1126 1836 litteris

59 1873 144 1937 nodia
180 1873 285 1956 paulo
321 1870 474 1936 intentius
509 1875 642 1954 ponunt,
675 1894 735 1939 non
771 1873 881 1937 inutile
912 1893 968 1939 neo
1004 1895 1125 1958 prorsus

60 1978 265 2044 iniucundum.
300 1977 377 2056 Quae
400 1978 484 2043 enim
507 1978 583 2042 mihi
605 1980 809 2062 quadraginta
830 1980 893 2043 iam
916 1998 1009 2045 annos
1031 1981 1063 2044 in
1077 1983 1125 2048 his

60 2084 156 2150 itteris
179 2083 351 2149 tradendis
373 2086 521 2166 occupato
544 2088 742 2168 veterumque
764 2085 948 2166 scriptorum
970 2087 1126 2170 utriusque

64 2189 161 2274 ingnae
202 2190 306 2255 libros
345 2191 467 2255 assidue
505 2193 640 2256 versanti
678 2193 901 2276 diligenterque
942 2196 973 2256 et
1009 2193 1126 2257 attente

65 2299 200 2362 manti
225 2297 362 2361 subnata
383 2300 432 2362 est
452 2300 565 2379 praeter
586 2318 638 2376 ea,
663 2318 730 2380 quae
759 2298 822 2361 iam
847 2295 984 2362 eiusdem
1005 2296 1126 2378 generis

67 2403 152 2469 eidi.
199 2403 296 2483 eopia
334 2403 582 2469 emendationum
619 2406 790 2469 coniectura
829 2402 1036 2483 repertarum,
1073 2401 1126 2465 sed

78 2511 236 2573 ·.·nieetura
271 2508 411 2573 codicum
449 2512 580 2594 vestigia
611 2512 737 2575 rimanti
775 2511 807 2573 et
841 2526 946 2589 presse
981 2510 1127 2589 cauteque

69 2618 213 2697 -quenti,
252 2617 358 2698 ampla
391 2619 423 2681 et
460 2618 499 2682 ad
528 2619 642 2682 multos
675 2619 707 2681 et
734 2614 885 2696 principes
919 2616 950 2677 et
977 2613 1126 2677 inferioris

68 2723 164 2786 radus
188 2724 360 2803 scriptores
381 2724 554 2804 pertinens,
584 2743 652 2788 eam
678 2721 814 2797 decrevi,
838 2720 978 2802 quoniam
1006 2720 1126 2785 animus

69 2848 115 2890 em
144 2830 192 2893 his
224 2827 401 2892 studiorum
430 2830 580 2912 angustiis
608 2831 639 2893 et
665 2827 804 2892 minutiis
836 2826 935 2890 fessus
971 2827 1125 2908 penalia,

68 2935 146 2998 -tiam
170 2938 263 3000 extra
285 2934 496 3017 philologiam,
519 2935 643 3000 liberius
661 2933 784 3016 evagari
807 2936 838 2997 et
859 2932 892 2999 in
913 2931 961 3008 iia,
984 2932 1127 3015 quicquid

69 3044 214 3125 --raginta
245 3042 394 3124 quattuor
422 3061 516 3106 annos
548 3059 744 3124 supergresso
768 3039 949 3102 concedetur
971 3037 1127 3119 temporis,

67 3166 160 3223 [unsre
189 3150 282 3224 avet,
321 3149 484 3212 collectam
516 3158 617 3230 qnam'
635 3145 815 3210 brevissime
841 3147 946 3226 potero
977 3149 1008 3209 et
1035 3161 1127 3224 quam

68 3258 176 3320 :inimo
211 3255 385 3321 ambitiose
422 3255 522 3318 edere.
576 3254 656 3318 Nam
692 3271 789 3334 neque
822 3251 947 3334 indigna
985 3248 1127 3323 editione,

144 3365 233 3429 domi
262 3364 420 3427 hactenus
452 3361 585 3438 servavi,
621 3363 656 3425 ut
676 3361 707 3422 in
732 3359 789 3422 hoc
819 3375 946 3440 genere,
974 3351 1127 3427 videntur,

68 3488 151 3552 ¹qne.
176 3474 205 3537 si
230 3472 309 3556 qnid
332 3470 368 3533 in
392 3469 432 3532 iis
457 3470 505 3532 est
525 3465 677 3541 utilitatis
701 3482 754 3527 cur
774 3483 865 3526 usum
887 3475 991 3522 eornm
1013 3455 1128 3517 differri

78 3578 143 3645 -im
165 3582 343 3664 intellego;
372 3576 406 3638 et
421 3573 536 3637 rectius
554 3570 801 3652 commodiusque
818 3587 836 3630 a
857 3583 906 3628 me
921 3563 987 3644 ipso
1000 3559 1129 3624 edentur

82 3708 130 3753 um
157 3690 228 3755 aliis
264 3688 415 3753 fortasse
445 3680 563 3743 edenda
595 3679 819 3759 relinquentem
854 3689 925 3734 narn
959 3670 990 3730 et
1021 3666 1128 3729 tollere

75 3814 156 3866 atero.
199 3802 228 3866 31·
279 3793 366 3879 quid
410 3786 512 3850 denuo
550 3784 723 3866 inspectum
767 3775 956 3859 displicebit,
998 3774 1030 3838 et
1062 3773 1128 3835 aliis

71 3932 194 3983 ..famam
225 3921 378 3980 manum
411 3895 571 3974 imponere
607 3892 638 3954 et
678 3887 831 3959 rationes,
867 3882 920 3945 nbi
953 3901 1027 3963 opus
1062 3880 1129 3955 erit,

70 4040 177 4101 spinae.
917 4105 925 4150 1
