2580 4530
152 255 212 318 696
577 253 640 314 Lib.
658 258 690 315 V.

108 452 148 523 το“
170 460 301 543 γένειον
322 450 464 541 ὀμοιόνς
486 456 562 540 έμοί
584 485 661 538 ...3
693 459 833 527 Ridicule
850 455 1013 537 illustris
1035 449 1157 542 συνάμα

112 554 300 641 καλέσσας·
316 582 382 645 quae
418 562 535 627 nullam
570 559 693 629 habitus
728 560 949 648 proprietatem
986 563 1158 651 significant

110 668 344 751 interponuntur
366 669 484 734 ceteris.
531 667 746 737 Scnbcndum:
783 666 867 746 τους
889 662 1159 760 σομναναβό-

110 778 219 848 λοος.
272 777 308 841 In
330 795 437 843 severa
459 775 492 839 et
512 773 652 840 modesta
673 777 892 860 compositione
914 782 977 864 τῆς
999 774 1161 865 α’ναβολῆς

113 900 226 966 magna
246 900 317 964 pars
338 879 457 945 decoris
480 880 692 964 etgravitatis
715 885 789 947 crat.
842 885 1039 952 Vocabulum
1061 903 1162 952 norim

115 991 188 1070 apte
209 988 317 1052 fictum
340 990 372 1052 et
393 985 594 1068 compositum
617 989 672 1051 est.

212 1092 279 1157 Ibd.
303 1092 342 1152 νο
364 1091 533 1157 tollendum
554 1091 859 1173 interpretamentum
887 1092 1089 1181 ἡδομένους,
1115 1118 1163 1184 quo

112 1194 179 1263 s'ine
201 1197 309 1279 copule
328 1199 399 1279 post
423 1191 509 1262 κατα
533 1190 735 1270 νενευκότας
756 1200 868 1267 inserto
881 1203 1036 1290 frangitur
1050 1206 1164 1283 omnino

113 1303 332 1369 contrariorum
354 1303 400 1367 vis
422 1305 554 1387 (χοίρων
576 1303 672 1387 δίκην
696 1295 783 1370 κάτω
806 1303 1010 1383 νενευκότας
1032 1311 1094 1396 ζῆν

111 1413 313 1493 ἐλευθέρους
334 1411 521 1494 ἐλευθέρως
542 1412 761 1494 φιλοσοφεῖν).
772 1412 797 1485 ¹)

109 1611 308 1619 ——-———

141 1731 161 1798 ¹)
180 1731 245 1802 cap.
265 1734 299 1788 10
316 1726 386 1783 recte
405 1722 563 1779 Dindorfius
585 1725 618 1799 ab
636 1725 805 1796 apertissima
822 1725 1034 1796 interpolatione
1053 1729 1168 1784 codicum

181 1840 266 1893 nuper
298 1821 482 1881 adhibitorum
517 1818 690 1889 (Gorliccnsis
716 1819 907 1889 aliorumque):
940 1819 975 1877 od
1001 1821 1064 1876 ’κατ’
1092 1822 1168 1888 ἀξίαι

181 1917 279 1986 τιμῶσί
297 1937 329 1983 με
354 1914 437 1989 rediit
459 1914 492 1968 ad
516 1913 680 1984 superiorum
703 1910 852 1966 editionum
869 1913 1034 1983 scripturam
1050 1932 1069 1970 a
1086 1914 1169 1969 eoum

180 2008 315 2066 Marciano
338 2026 365 2064 n.
390 2009 443 2064 434
470 2004 690 2072 (Sommerbrodt.
707 2022 733 2074 p.
752 2009 797 2072 81)
825 2006 1024 2061 confirmatam:
1044 1997 1088 2064 ὀὗ
1116 2005 1170 2062 κατ’

184 2088 267 2168 α’ξίαν
291 2084 405 2170 κράτστα
411 2139 417 2161 ,
448 2099 578 2174 indicium
604 2084 725 2159 veritatis
751 2097 865 2154 faciente
892 2099 1171 2171 (praeterquamquod

141 2190 144 2195 ’
182 2193 297 2250 bacilli
321 2194 486 2253 substituere
509 2192 611 2246 nemini
638 2190 667 2243 in
694 2193 810 2245 mentem
837 2192 926 2248 venire
952 2195 1072 2263 poteret,
1104 2192 1171 2248 illud

182 2275 245 2371 linio
261 2285 339 2341 facile
363 2288 453 2356 elicui)
482 2289 565 2342 etiam
584 2305 621 2351 eo,
640 2287 712 2356 quod
730 2286 856 2354 sequitur,
881 2285 1073 2355 ἀπωσάμενος,
1102 2284 1171 2357 quod

184 2377 361 2446 interpolator
379 2380 460 2433 simul
480 2379 509 2434 in
528 2381 710 2450 ἀπωσάμενον
729 2382 834 2432 mutere
852 2380 954 2433 oblitus
970 2383 1020 2434 cst.
1053 2380 1107 2434 Sed
1125 2380 1171 2434 hoo

181 2474 318 2541 perspecto
349 2473 496 2526 revocanda
526 2489 578 2527 non
608 2473 696 2527 minus
723 2474 789 2535 erat,
820 2473 911 2526 eodem
938 2472 1027 2526 codice
1057 2476 1170 2536 auctore,

181 2565 330 2620 editionum
347 2567 512 2634 superiorum
526 2566 657 2634 scriptura
668 2582 688 2620 o.
702 2569 732 2621 3:
750 2566 796 2618 not
814 2565 933 2634 μάλιστα
951 2565 1056 2621 ὁπόσαι
1075 2566 1170 2634 (δίκαι)

183 2664 245 2722 ταῖς
263 2657 422 2728 ἐπιστήμαις
441 2659 487 2712 καὶ
505 2659 613 2729 τέχναις
626 2658 697 2724 πρὸς
717 2658 885 2726 ἀνθρώπους
899 2657 978 2721 τινας
992 2658 1169 2728 συνέστησαν,

185 2752 232 2807 ubi
251 2767 320 2805 nunc
339 2751 396 2805 sine
414 2768 492 2806 sensu
511 2752 611 2806 editur:
631 2751 680 2816 τὰς
700 2751 849 2821 ἐπιστήμας
867 2751 914 2804 καὶ
930 2751 1036 2820 τέχνας.
1060 2751 1172 2819 (Indicis

183 2843 232 2898 ille
260 2844 375 2898 artium‘
391 2847 483 2898 contra
510 2845 638 2915 quosdam
665 2845 785 2899 homines
814 2861 835 2898 c.
864 2846 897 2900 13
922 2847 950 2897 ct
974 2844 1008 2898 14
1035 2842 1170 2909 redeunt.)

184 2938 274 2991 Etiam
292 2952 314 2991 ο.
334 2941 350 2992 8
369 2929 557 2991 revocandum:
587 2938 645 2992 ἐπεὶ
663 2940 720 3008 (pro
740 2937 789 3005 ἔτι)
808 2936 859 3006 γὰρ
881 2937 983 2999 αὐτοὺς
1002 2919 1172 3008 μετέβαπτεν

187 3026 204 3100 ἡ
224 3031 378 3098 φιλοσοφία
391 3033 601 3100 παραλαβοῦσα,
622 3025 719 3085 ὁπόσοι
738 3028 788 3099 μέν
807 3029 834 3093 ἐς
850 3029 933 3097 κόρον
953 3029 1021 3095 (cod.
1041 3030 1067 3084 A
1085 3029 1171 3085 occul·

185 3128 242 3180 tuto
265 3120 378 3177 mendox
402 3121 502 3177 ὁπόσοι
525 3116 575 3192 μέν
600 3114 649 3182 οὖν
668 3121 696 3186 ές
714 3127 749 3189 τι.)
774 3121 852 3176 έπιον
869 3125 917 3191 τῆς
936 3123 1040 3193 βαφῆς,
1062 3122 1171 3193 χρηστοὶ

185 3262 191 3275 .
211 3258 240 3273 ..
264 3215 495 3285 ἀπετελέσθησαν,
531 3216 687 3269 Revocanda
705 3232 782 3284 porro
800 3220 862 3272 o.9:
881 3213 930 3285 τὴν
949 3255 957 3269 .
976 3255 983 3269 .
1003 3253 1011 3269 .
1031 3216 1171 3286 σπήλαια·

185 3335 228 3384 γα
246 3314 274 3366 et
290 3327 313 3365 ο.
333 3313 378 3364 11:
403 3307 686 3377 ὑπερδιατεινομένων
704 3310 750 3364 καὶ
769 3308 898 3379 μεγάλα
916 3314 974 3377 (pro
993 3305 1065 3378 ἅμα)
1089 3307 1171 3378 λέγειν

189 3406 344 3474 ἐθελόντων
367 3403 396 3455 et
413 3417 435 3455 ο.
455 3404 501 3457 14:
531 3403 556 3456 el
581 3401 627 3456 καὶ
654 3405 780 3471 νεαρόν
799 3408 858 3472 (pro
878 3403 903 3456 εἰ
919 3401 966 3455 καὶ
984 3400 1022 3472 μὴ
1042 3400 1172 3469 παλαιόν)

187 3501 214 3552 ct
238 3514 261 3551 ο.
280 3498 313 3550 14
341 3494 398 3561 (ubi
421 3493 584 3548 Jacobitzius
612 3485 640 3548 et
664 3495 819 3550 Dindorfius
846 3494 1036 3549 correctionem
1063 3495 1093 3548 in
1120 3509 1171 3549 uno

184 3590 272 3645 codice
291 3590 388 3646 Gorlic.
407 3608 488 3660 supra
506 3589 632 3659 scriptam
650 3589 735 3643 secuti
753 3588 841 3656 sunt):
857 3583 1009 3658 Ῥητορικὴ
1028 3589 1172 3651 κακώσεως

185 3684 235 3738 τὸν
261 3683 367 3751 Σύρον,
400 3687 534 3754 Διάλογος
557 3683 606 3738 τὸν
630 3662 715 3737 αὐτὸν
739 3679 845 3753 ὕβρεως
870 3678 992 3745 (auditur
1014 3682 1171 3750 γράφεται).

186 3776 256 3831 Nam
274 3794 295 3831 c.
306 3779 341 3832 28
359 3779 412 3833 iam
423 3778 577 3833 Dindorfius
594 3777 739 3831 revocavit:
758 3772 843 3844 μικρὰ
864 3771 894 3827 δέ
912 3773 957 3826 καὶ
976 3771 1173 3844 κομματικὰ

187 3870 347 3941 ἐρωτήματα
365 3889 413 3943 pro
430 3871 597 3940 ineptissimo
615 3868 730 3938 κωμικοὶ,
756 3866 827 3936 quod
844 3865 1005 3921 Iacobitrius
1023 3883 1038 3921 e
1056 3867 1133 3924 codd.
1151 3865 1173 3919 Δ

193 3966 217 4019 D
235 3965 259 4018 Y
278 3965 462 4021 substituerat.
485 3965 586 4034 [Etiam
604 3979 626 4018 ο.
644 3966 662 4018 8
679 3962 708 4016 ct
726 3965 741 4017 9
760 3963 831 4016 reete
849 3959 1025 4026 Dindorfius.]
