2580 4530
200 209 259 270 162
635 208 695 264 Lib.
715 211 737 264 1.

101 470 103 475 .
157 408 252 473 trium
274 408 472 473 distinctione
501 403 663 491 (ποιῆσαι,
692 395 862 488 ποιήσειν,
890 408 1030 490 ποιήσαι
1058 403 1116 492 ἄν)
1144 425 1217 490 quo·

158 513 247 579 modo
274 514 409 586 aberrari
435 533 533 595 quave
562 513 600 577 de
633 529 724 592 causa
757 513 890 593 potuerit
921 532 1016 578 unum
1043 515 1217 578 membrum

159 620 275 686 certam
297 619 402 685 sedem
423 621 573 695 amittere,
596 617 720 682 omnino
742 635 804 684 non
824 618 1024 702 intellegitur.
1068 619 1144 682 Haec
1167 619 1217 700 qui

109 738 114 746 ’
159 726 404 804 consideraverit,
428 725 457 789 ei
484 706 540 807 per
561 744 594 790 se
616 743 810 807 summopere
835 725 1036 806 improbabile
1057 725 1218 810 videbitur,
1275 790 1277 805 ,

158 832 245 915 φημὶ
283 830 403 913 (οἶμαι)
440 832 582 915 ποιῆσαι
617 824 750 913 unquam
781 830 813 894 in
844 831 940 904 illurn,
970 849 1062 915 quam
1079 830 1217 913 ‘quidam

158 939 283 1021 putant,
311 937 563 1020 significationem
593 937 754 1010 transisse,
789 935 881 1018 idque
902 939 937 999 ut
959 937 1109 1011 credatur,
1133 937 1218 1001 iner-

158 1043 355 1127 pugnabilem
370 1043 432 1106 vim
449 1042 688 1106 certissimorum
705 1042 950 1106 testimoniorum
963 1042 1029 1106 dari
1039 1041 1217 1123 postulabit.

158 1150 261 1233 Atque
292 1168 328 1213 eo
361 1148 460 1231 magis
492 1148 547 1211 hoc
580 1147 680 1223 faciet,
708 1160 781 1211 cum
808 1149 837 1212 ei
865 1149 897 1212 in
928 1152 1064 1214 mentem
1092 1149 1219 1221 venerit,

338 1244 353 1267 υ
596 1235 600 1244 ,

228 1339 304 1393 benti
332 1339 360 1391 et
394 1339 514 1390 veterum
539 1335 609 1389 locos
643 1335 801 1404 inspicienti
824 1336 852 1388 in
877 1338 1074 1391 commentariis
1093 1353 1121 1390 se
1139 1337 1219 1391 obtu-

228 1433 319 1486 lerunt
343 1431 371 1484 et
397 1446 456 1497 qua
477 1429 595 1483 breviter
618 1428 722 1482 absolvi
746 1432 871 1496 possunt,
898 1431 1019 1499 exempla
1036 1446 1141 1499 ponam.
1178 1429 1220 1484 Ad

228 1521 418 1592 Aristophanis
444 1520 508 1576 nub.
535 1523 583 1584 35,
599 1583 603 1590 ,
619 1520 667 1574 nbi
693 1520 825 1585 Koclrius,
852 1538 911 1576 mco
939 1523 1045 1577 nomine
1074 1521 1219 1591 appellato,

231 1631 345 1670 errorem
364 1612 596 1684 (ἐνεχοράσασθαί
615 1633 701 1682 φασιν
725 1614 758 1667 de
787 1615 1001 1682 pignerationem
1018 1614 1219 1681 minitantibus)

230 1708 385 1769 correxerat,
414 1707 559 1761 Teuffelius
577 1707 707 1761 aoristum
725 1705 854 1761 adscribit
873 1707 1004 1763 actionem
1026 1709 1176 1778 simplicem
1194 1710 1221 1762 et

229 1819 277 1872 per
300 1817 328 1854 se
352 1799 409 1853 sine
433 1801 560 1869 tempori·
585 1801 650 1854 nota
674 1794 831 1869 significare,
854 1803 887 1854 nt
914 1802 938 1853 si
957 1800 1113 1856 Germanice
1131 1799 1219 1854 dicas:

232 1895 287 1965 „sie
305 1909 395 1961 sagon,
419 1893 458 1946 sie
476 1892 592 1962 pfa'nden
609 1895 689 1958 ans“;
716 1891 824 1955 deinde,
850 1895 881 1945 ut
899 1909 969 1947 nunc
997 1894 1026 1948 in
1043 1894 1093 1947 hac
1116 1909 1145 1947 re
1162 1893 1221 1947 fieri

232 1983 493 2055 adsolet-Krueg‘eri
517 1984 692 2054 grammatica
709 1984 868 2053 appellatur.
905 1985 1007 2042 Omitto
1032 2001 1117 2054 neque
1141 1983 1220 2037 Teuf-

230 2079 325 2133 felium
343 2094 428 2146 neque
448 2094 607 2148 quemquam
632 2077 664 2130 de
683 2076 876 2131 minitantibus
893 2078 932 2132 sic
950 2077 1105 2138 Germanice
1132 2077 1220 2145 loqni3

230 2171 334 2225 sedubi
345 2169 490 2224 Tenffclius
509 2169 578 2238 legit
597 2171 667 2239 φημὶ
685 2175 808 2240 ποιῆσαι,
826 2172 858 2223 ut
875 2172 953 2233 esset,
972 2171 1042 2239 quod
1058 2170 1128 2233 vult,
1148 2169 1221 2224 dico

207 2274 213 2281 ·
231 2281 279 2317 me
298 2261 429 2316 facore?
466 2263 523 2315 Hoc
541 2262 612 2316 enirn
631 2278 664 2315 ne
682 2261 727 2315 illi
744 2262 859 2330 quidem,
878 2264 925 2332 qni
943 2279 990 2332 pro
1009 2264 1079 2332 φημὶ
1097 2263 1222 2330 ποιήσειν

158 2339 160 2344 ’
233 2356 287 2410 dici
314 2371 390 2424 posse
412 2357 522 2424 putant,
551 2354 673 2408 tradunt
690 2357 852 2423 (quanquam
876 2356 987 2410 m'emini
1014 2355 1222 2410 Stallbaumium

231 2447 332 2502 alicubi
361 2447 391 2499 in
418 2430 532 2501 Platone
547 2446 587 2499 -in
611 2462 693 2515 prava
717 2447 848 2516 scriptura
871 2447 1016 2502 enarranda
1041 2449 1078 2502 sic
1099 2449 1223 2514 vertere).

230 2540 272 2595 Ad
291 2539 428 2608 Sophoclis
446 2539 579 2592 Electram
595 2539 655 2600 443,
674 2537 721 2592 ubi
739 2541 817 2594 δοκεῖ
833 2579 840 2592 .
859 2578 866 2591 .
886 2582 893 2596 .
912 2541 1051 2609 δέξασθαι
1068 2540 1149 2604 νέκυς
1176 2549 1222 2594 vo·

231 2633 295 2686 lunt
307 2647 364 2685 esse
376 2635 542 2686 mortuum
559 2633 777 2700 accepturum
796 2631 1120 2699 essasmneidewinus
1132 2635 1221 2700 negat,

230 2726 394 2779 assentiente
412 2723 546 2788 Nauckio,
566 2723 699 2789 δέξεσθαι
717 2727 788 2779 recte
798 2725 851 2780 dici
869 2727 996 2794 potuisse,
1014 2722 1085 2794 quod
1103 2722 1131 2776 id
1145 2716 1222 2791 (Ger-

232 2817 344 2870 manicis
362 2816 451 2871 verbis
469 2814 598 2870 utendum
617 2818 666 2879 est,
685 2833 719 2870 ne
737 2818 802 2887 quid
820 2819 966 2887 corrupisse
979 2815 1106 2872 vertendo
1121 2814 1223 2881 videar)

234 2908 299 2974 „auf
315 2910 359 2962 ein
377 2908 599 2964 bevorstehendes
618 2910 750 2978 δέχεσθαι
768 2909 909 2964 bestimmt
934 2910 1051 2964 weiset“.
1087 2909 1158 2978 Ergo
1176 2905 1223 2959 ubi

230 2992 336 3070 aliquid
363 3002 485 3055 futurum
509 3017 636 3069 negamus
659 3003 782 3072 credique
799 3003 922 3056 futurum
943 3018 999 3056 esse
1016 3004 1156 3063 vetamus.
1170 3014 1222 3052 non

230 3094 356 3148 debemus
389 3093 474 3147 futuri
508 3084 782 3162 significatione'uti.
836 3094 907 3161 Quid
933 3094 1015 3162 ergo?
1064 3093 1224 3148 Dicemusnc

230 3187 327 3240 ominis
345 3203 432 3249 cansa,
451 3202 503 3241 non
522 3186 642 3240 factum?
678 3187 831 3243 Olassenius
848 3187 883 3242 ad
900 3187 1018 3257 Thucyd
1037 3189 1074 3261 Il,
1094 3191 1119 3250 3,
1146 3182 1224 3242 iad

231 3282 367 3348 κρατῆσαι
385 3280 419 3334 de
446 3296 474 3333 re
492 3280 584 3340 futura
601 3281 718 3348 positum
739 3280 949 3352 confirmandum
965 3279 1035 3344 illud
1054 3294 1157 3349 quoque
1175 3278 1223 3332 ad-

233 3371 335 3437 scribit,
355 3371 393 3425 sic
411 3371 492 3425 etiam
510 3387 571 3424 cum
590 3366 624 3424 ἄν
643 3371 705 3440 poni
723 3373 873 3427 amictum·
898 3373 967 3439 Quid
985 3376 1027 3427 est
1049 3373 1139 3426 omnia
1161 3387 1224 3446 con-

230 3463 350 3528 fundere,
380 3463 403 3516 si
432 3463 488 3525 hoc,
511 3479 563 3516 non
594 3465 648 3526 est,
679 3479 710 3517 ex
740 3479 784 3528 eo,
813 3466 882 3535 quod
912 3465 962 3519 fiat
987 3467 1015 3519 in
1043 3468 1158 3531 ποιῆσαι
1188 3460 1223 3517 ἄν

230 3559 276 3622 (=
296 3556 440 3626 ποιήσαιμι
458 3551 512 3621 dv),
537 3551 648 3618 efficere,
659 3536 733 3624 'quid
756 3556 806 3610 nat
823 3559 852 3611 in
871 3563 986 3627 ποιῆσαι
1009 3563 1056 3624 (=
1079 3556 1224 3627 lucipould

233 3648 326 3717 (Gravi
346 3646 549 3704 errore-ibidem
567 3647 649 3701 Thuc.
668 3633 713 3709 Vs
724 3653 748 3712 1,
773 3653 788 3704 1
812 3650 920 3718 citatur,
948 3651 996 3704 nbi
1018 3655 1134 3720 ποιῆσαι
1157 3649 1224 3704 satis

232 3744 353 3810 apertam
370 3737 742 3810 preteriti-significationem
760 3742 863 3808 habet.)
884 3745 1035 3812 AEgerrime
1054 3744 1155 3798 sercin
1174 3744 1224 3797 ho·

223 3833 351 3908 ,minibus
374 3849 422 3887 nec
444 3831 558 3887 indoctis
581 3848 641 3895 nec,
674 3833 697 3886 si
722 3835 859 3903 cogitandi
881 3837 999 3905 spatium
1019 3841 1048 3908 et
1069 3836 1224 3891 libertatum

208 3976 217 3998 s
232 3928 375 3986 sumerent,
393 3925 616 3995 imprudentibus,
634 3925 702 3979 hanc
720 3926 840 3996 fingendi
857 3931 885 3982 et
904 3930 1031 3999 quicquid
1049 3929 1098 3984 sub
1114 3945 1224 3984 acumen

236 4016 295 4071 stili
312 4018 425 4083 venerit,
443 4018 578 4082 ,scribendi
596 4005 784 4076 temeritatem.
