2580 4530
552 274 651 333 ffll
1054 277 1095 342 w

51 473 164 549 ducat,
196 472 236 537 in
259 472 354 539 cuius
377 471 513 538 oratione
534 493 589 556 pro
611 474 647 539 P.
670 473 811 554 Quinctio
833 475 872 538 75
893 474 958 540 bac
978 475 1136 560 leguntur:

52 598 168 645 nuum
208 581 353 645 tamen
379 578 449 643 boe
475 579 600 657 (miae,
631 580 684 663 qui
710 582 750 646 ab
777 581 949 647 adversario
975 583 1134 666 parantur)

52 682 265 769 cogitent,
288 683 351 749 ita
371 703 411 750 se
428 703 569 769 graves
590 704 696 765 esse,
716 686 771 763 ut,
801 686 834 751 si
854 684 1058 753 veritatem
1078 707 1137 753 ve·

53 791 128 857 lint
172 790 378 869 retinere,
413 768 646 874 gra'vitatem
679 792 830 873 possint
870 792 1062 869 obtinere;
1091 794 1138 879 ¹si

55 915 135 961 eam
158 896 396 981 neglegere,
427 896 484 961 ita
512 892 620 961 l'eves
645 896 740 975 sint,
767 898 808 961 ut
829 916 958 963 omnes
983 898 1138 963 intelle·-

56 1006 166 1087 gant,
189 1020 271 1067 non
297 1001 611 1068 adobtinendum
638 1003 894 1081 mendacium,
921 1003 985 1067 aad
1013 1003 1059 1068 ad
1079 1022 1138 1068 ve-

58 1128 135 1174 rum
163 1107 418 1191 probandum
447 1108 716 1173 auctoritatem
751 1108 944 1173 adiuvare.
987 1108 1137 1187 Primum,

59 1215 84 1281 si
98 1216 132 1278 et
153 1212 308 1299 gravitas
331 1215 365 1278 et
384 1213 494 1279 levitas
515 1216 837 1292 commemorarentur,
858 1215 1009 1281 debebant
1023 1214 1088 1280 heae
1102 1235 1138 1280 ex

60 1339 144 1404 aquo
173 1319 275 1403 poni:
313 1318 372 1384 ita
404 1337 442 1384 ae
472 1339 611 1404 graves
634 1339 718 1386 esse
745 1321 878 1387 ...ita
904 1320 1007 1385 leues
1039 1340 1137 1397 esse;

61 1446 267 1510 perversum,
290 1425 321 1491 si
344 1424 417 1508 quid
441 1425 539 1504 abad,
570 1428 633 1492 est:
664 1426 720 1490 ita
741 1445 780 1491 se
807 1445 944 1510 graves
968 1445 1069 1503 esse,
1098 1429 1139 1492 ut

62 1535 112 1598 ita
147 1534 266 1598 leves
301 1531 398 1608 sint,
431 1531 539 1598 deinde
563 1535 669 1615 aperte
699 1533 744 1599 sic
774 1532 925 1597 contraria
954 1531 1048 1614 priori
1073 1533 1138 1596 haec

63 1638 189 1721 ponitur
206 1637 370 1703 condicio:
397 1638 434 1703 si
451 1656 531 1705 eam
557 1638 766 1722 neglegere
788 1637 908 1720 (andito
929 1655 965 1701 ex
986 1636 1153 1719 superiore

64 1746 205 1810 membro
228 1743 392 1830 velint),
416 1746 455 1815 nt
472 1742 567 1821 eflam
588 1745 762 1809 consecutio
786 1744 844 1826 (ut
872 1760 999 1808 omnes
1025 1740 1139 1805 intel-

64 1850 212 1935 legant)
230 1869 271 1915 ex
292 1851 403 1917 eodem
427 1851 497 1933 (ita
514 1871 553 1916 se
576 1870 716 1934 graves
738 1851 835 1933 esse)
857 1846 990 1931 pendere
1012 1846 1137 1920 debeat;

65 1960 224 2037 postremo
248 1957 310 2022 boc
338 1955 458 2040 ipsum:
485 1959 525 2021 ut
550 1975 679 2021 omnes
706 1955 960 2038 intellegant,
1066 1967 1138 2017 auc

66 2058 240 2125 toritatem
268 2059 452 2126 adiuvare
472 2063 644 2128 necessario
671 2081 730 2127 non
754 2061 794 2126 ad
817 2059 978 2137 levitatem
997 2057 1138 2144 refertur,

67 2164 174 2249 inqua
189 2165 284 2230 nulla
300 2168 349 2231 est
367 2168 537 2246 auctoritas,
561 2167 618 2232 sed
636 2168 675 2232 ad
690 2168 885 2251 gravitatem.
917 2165 1024 2247 Itaque
1039 2161 1138 2227 omnis

66 2271 227 2337 sententia
237 2272 377 2353 pertinet
392 2273 432 2337 ad
447 2273 632 2356 gravitatem
642 2273 809 2338 finiendam
822 2275 853 2337 et
870 2269 1096 2336 terminandam
1108 2269 1140 2332 et

67 2379 246 2444 necessario
269 2376 315 2442 sic
337 2377 486 2442 decurrit:
514 2379 572 2443 ita
589 2378 659 2462 (hoe
675 2381 732 2458 est,
749 2381 899 2444 haetenus
915 2378 947 2443 et
960 2377 1018 2441 hac
1036 2375 1140 2441 eondi-

66 2486 163 2568 cione)
177 2503 221 2550 se
236 2503 375 2569 graves
391 2503 484 2562 esse,
498 2486 548 2563 ut,
564 2485 596 2550 si
611 2486 816 2551 veritatem
830 2484 953 2548 velint
966 2483 1139 2557 retinere,

66 2592 303 2674 gravitatem
324 2591 478 2673 possint
497 2592 681 2669 obtinere,
704 2593 739 2657 si
759 2610 838 2655 eam
860 2590 1078 2673 neglegere,
1101 2590 1140 2651 ut

67 2716 200 2761 omnes
223 2696 474 2779 intellegant,
495 2700 564 2776 cet,
585 2698 714 2762 sublatis
734 2697 904 2762 verbisita
926 2696 1030 2760 lenes
1053 2694 1140 2770 sint,

66 2825 129 2886 oure
154 2803 272 2868 addita
305 2806 378 2867 sunt
407 2804 445 2866 ab
471 2805 586 2886 aliquo,
620 2805 796 2886 qui-neque
818 2801 976 2885 particulae
1000 2801 1057 2866 ita
1078 2800 1141 2865 vim

66 2930 163 2994 neque
182 2907 322 2991 duplicis
339 2909 372 2971 et
387 2910 544 2974 contrariae
560 2910 719 2999 sententiae
734 2909 815 2986 inde,
832 2907 946 2991 duplici
965 2906 1142 2971 condicione

65 3018 178 3099 posita,
203 3015 371 3098 pendentis
393 3013 542 3081 rationem
563 3016 756 3080 intellexerat
766 3016 802 3096 ¹).
845 3015 936 3096 Apud
959 3013 1089 3078 eundem
1109 3008 1141 3073 in

64 3128 139 3188 orat.
165 3142 226 3205 pro
244 3121 366 3186 Cluent.
392 3119 450 3180 199
467 3121 510 3185 sic
532 3121 692 3186 scribitur:
716 3121 966 3203 atqueetiam
992 3114 1143 3182 nomina

65 3226 428 3302 necessitudinum,
449 3245 517 3291 non
541 3226 662 3292 solum
684 3227 826 3291 naturae
849 3244 982 3292 nomen
1003 3223 1040 3287 et
1060 3221 1143 3284 iura

64 3338 205 3419 (Sassia)
230 3332 415 3409 mutauit,
443 3352 533 3398 uxor
561 3334 707 3416 generi,
735 3352 900 3397 noverea
928 3328 1021 3402 filii,
1047 3324 1142 3388 filiae

63 3444 211 3525 pellex.
260 3439 340 3505 Mire
362 3458 399 3504 ex
420 3439 519 3503 altera
539 3439 627 3520 parte
649 3438 814 3515 nomina,
837 3457 872 3501 ex
893 3435 990 3498 altera
1011 3447 1143 3494 nomen

64 3610 277 3628 .—.---

90 3714 116 3781 ¹)
138 3712 204 3767 Hae
225 3705 415 3762 emendatione
434 3721 492 3758 cnm
517 3704 625 3758 Halmio
644 3703 838 3757 communicata
861 3699 993 3768 Kayserua
1011 3713 1075 3750 naus
1094 3699 1144 3751 est.

136 3807 184 3861 De
209 3805 263 3865 ut,
289 3799 361 3869 quod
388 3799 471 3852 semel
493 3799 611 3867 positum
633 3797 741 3866 utrique
765 3792 883 3847 membro
907 3789 1058 3844 sufficiebat
1084 3791 1144 3858 (ut,

137 3900 170 3954 si
191 3939 199 3953 .
222 3938 230 3952 .
250 3935 271 3958 .,
297 3892 445 3963 possint,
469 3892 498 3944 si
517 3933 524 3944 .
544 3931 550 3942 .
570 3931 591 3954 .,
615 3906 729 3946 omnes
747 3885 978 3954 intellegant),·'
995 3887 1057 3938 ante
1076 3884 1144 3941 alte·

138 4008 202 4047 nm
230 3987 395 4044 sententiam
425 3987 622 4040 consecutivam
648 3982 763 4052 repetite
797 3978 852 4032 dixi
882 3977 998 4032 breviter
1025 3977 1060 4032 ad
1089 3974 1145 4030 cic.
1241 4043 1246 4051 ¹

137 4080 474 4150 amabam.
