2580 4530
517 259 687 315 Prooemium.
1075 262 1094 323 'l

48 457 129 521 donis
161 458 348 540 scriptores
383 456 527 536 veniam,
563 475 613 522 eos
643 457 827 542 scriptores,
864 477 992 541 quorum
1024 478 1135 543 paucos

49 563 123 628 locos
144 564 256 648 attigi,
279 563 318 627 in
342 562 553 627 miscellanea
573 563 676 646 capita
699 582 870 648 congeram.
914 564 974 631 Sed
991 566 1136 649 quoniam

52 672 154 753 sapius
189 670 278 746 dixi,
309 688 368 733 me
397 670 499 733 artem
532 670 685 752 quandam
717 662 769 736 et'
782 670 971 736 coniectandi
1003 672 1036 736 et
1064 691 1136 736 cou-

52 778 178 841 ierturas
200 775 393 841 aestimandi
418 775 540 840 efficere
573 777 684 855 conari,
717 797 784 861 quae
818 778 850 843 et
884 776 1134 860 superstitionem

54 884 273 965 ignaviamque
297 886 333 946 et
354 882 463 949 lusum
483 882 753 965 temeritatemque
764 882 945 960 excluderet,
969 883 1134 964 antequam

56 988 89 1052 ad
107 988 255 1072 singulos
279 988 451 1070 scriptores
473 988 570 1065 venio,
591 989 689 1071 primo
708 989 788 1054 libro
809 987 979 1072 generatim
995 987 1135 1071 quaedam

56 1094 340 1177 comprehendam,
369 1113 437 1177 quae
458 1094 499 1158 ad
526 1095 621 1160 totius
647 1094 738 1160 huius
765 1094 812 1158 rei
836 1083 1134 1159 rationem'iutelle-

57 1200 184 1283 gendum
206 1200 396 1282 pertineant
418 1203 450 1266 et
471 1201 581 1266 utilem
599 1200 781 1279 iunioribus,
802 1201 829 1265 si
849 1220 909 1265 non
929 1197 1134 1280 disciplinam,

57 1307 362 1372 atadmouitiouem
384 1307 523 1372 habeant
543 1320 580 1371 ac
606 1308 760 1390 quandam
786 1306 844 1372 uiae
873 1305 1132 1370 monstrationem.

59 1413 131 1478 Nam
153 1414 220 1478 etsi
243 1431 348 1496 neque
370 1413 534 1496 praeceptis
556 1414 716 1496 quisquam
740 1414 880 1478 criticam
900 1410 1079 1475 facultatem
1102 1409 1135 1473 et

60 1526 149 1585 utem
186 1519 321 1601 assequi
352 1522 456 1602 potest
487 1538 585 1603 neque
616 1538 739 1598 omnes,
773 1518 826 1603 qui
855 1516 968 1583 litteris
1000 1515 1133 1604 antiquis

60 1626 200 1702 student,
234 1626 277 1689 ut
303 1628 360 1689 ant
387 1625 540 1709 praecipne
568 1628 623 1691 ant
652 1626 743 1692 ualde
773 1627 807 1690 iu
839 1625 897 1690 hoc
930 1640 1043 1707 genere
1073 1618 1133 1702 ipsi

62 1751 128 1796 nora
141 1731 321 1815 quaerendo
337 1732 508 1811 elaborent,
529 1732 642 1810 hortor,
663 1733 770 1797 tamen
784 1732 824 1796 ad
838 1733 922 1796 recte
937 1727 1133 1793 iudicandum

63 1844 87 1900 el
112 1839 154 1904 ad
176 1858 260 1905 vera
286 1856 324 1902 ac
346 1836 519 1921 probabilia
539 1857 558 1903 a
577 1839 665 1904 falsis
679 1839 721 1903 set
740 1836 912 1902 temerariis
934 1833 1134 1901 discernenda

63 1943 162 2009 deduci
201 1946 358 2027 possunt,
403 1946 456 2029 qui
487 1945 575 2010 bonae
612 1945 722 2010 indolis
753 1945 787 2008 et
817 1941 985 2008 uoluntatis
1017 1939 1133 2022 aliquid

64 2051 200 2129 aderunt,
223 2053 260 2116 et
277 2050 427 2115 hmteuus
442 2069 561 2129 omues,
583 2051 635 2135 qni
645 2051 816 2134 philologos
838 2067 872 2114 se
893 2047 1010 2124 volunt,
1033 2044 1134 2110 critici

66 2174 121 2220 csso
143 2157 280 2232 debent,
312 2157 349 2219 ut
375 2157 506 2220 aliorum
534 2158 611 2223 bene
640 2157 774 2224 inventis
803 2155 971 2239 prudenter
1003 2153 1035 2217 et
1067 2151 1133 2216 sine

68 2260 198 2327 meabili
222 2263 420 2327 dubitatione
453 2263 500 2326 nti
534 2264 566 2327 et
592 2283 687 2346 prava
718 2263 825 2330 statim
852 2264 977 2328 reticere
1005 2265 1133 2346 possint.

68 2369 108 2431 Sic
129 2373 242 2435 autem
268 2368 390 2446 dicam,
422 2372 458 2434 ut
488 2371 634 2452 exemplis
663 2371 773 2435 adres
796 2370 1046 2435 declarandasin
1070 2371 1134 2435 sin-

68 2475 136 2541 runs
147 2475 324 2558 generibus
339 2476 410 2538 utar
419 2475 536 2556 paucis,
558 2477 645 2542 navis
657 2478 797 2542 omnibns
814 2480 846 2541 et
856 2477 944 2555 meis,
966 2478 1019 2542 sed
1032 2478 1133 2554 certis,

10 2652 13 2671 Ι
69 2596 95 2645 rt
112 2584 234 2664 opinor,
259 2583 295 2645 et
316 2582 348 2644 in
371 2580 492 2663 quibus,
513 2601 584 2647 vero
606 2584 704 2646 semel
725 2585 834 2666 posito,
855 2603 953 2666 neque
969 2583 1007 2647 de
1021 2584 1133 2647 mendo

69 2706 153 2771 neque
177 2689 220 2752 de
243 2688 435 2752 correctione
458 2687 591 2751 dubitari
604 2707 695 2770 posse
710 2693 826 2772 putem.
873 2692 932 2769 lta,
954 2691 1007 2772 qni
1029 2709 1134 2754 emen-

72 2794 219 2860 ian‘cuum
242 2794 435 2877 promissum
463 2795 568 2859 statim
597 2797 711 2860 exsolvi
737 2798 936 2878 postulabunt
966 2817 1023 2862 nec
1054 2817 1134 2878 prac-

71 2914 145 2983 :epta
178 2904 214 2966 et
252 2899 361 2963 aridas
401 2898 438 2962 de
475 2900 602 2966 minutis
638 2905 729 2967 rebus
766 2903 988 2984 disputationes
1032 2904 1135 2967 afferri

70 3006 227 3083 lababunt,
251 3005 337 3089 quod
365 3005 517 3090 flagitant.
560 3009 708 3091 Exempla
728 3009 785 3072 boc
806 3009 872 3075 loco
889 3009 988 3094 delegi
1004 3028 1040 3072 ex
1054 3008 1133 3088 aptis

71 3128 93 3175 ÷t
119 3113 316 3197 perspicuis,
353 3113 386 3175 ct
407 3132 474 3194 quae
496 3112 661 3197 longiorem
683 3116 715 3178 et
736 3134 805 3178 cum
826 3116 1014 3198 proprietate
1036 3112 1133 3192 scrip-

70 3234 154 3285 turum
187 3220 286 3285 valde
324 3218 522 3283 coniunctam
557 3221 787 3303 explicationem
821 3241 881 3285 non
915 3216 1133 3293 desiderarent,

18 3342 22 3351 ·
69 3344 104 3391 ea
121 3349 187 3411 quae
211 3348 247 3393 se
271 3345 335 3390 uon
359 3325 414 3388 diu
436 3326 583 3406 quaerenti
602 3323 779 3404 offerebant,
802 3327 911 3408 quibus
933 3323 1042 3405 reliqui
1061 3321 1133 3385 libri

70 3433 187 3499 somni
210 3450 332 3518 genere
356 3430 477 3507 multa,
511 3431 543 3493 in
564 3432 719 3496 nonnullis
742 3433 864 3515 quidem
891 3448 981 3512 prope
1013 3426 1133 3491 infinita

71 3540 169 3608 ldent.
214 3543 260 3606 Et
286 3540 406 3622 postea
430 3554 550 3618 quoque
570 3537 601 3600 iu
624 3538 752 3622 siugulis
775 3536 971 3619 scriptoribus
993 3530 1132 3614 quaedam

69 3650 249 3715 -amilitudiue
275 3643 454 3711 coniuncta
475 3642 532 3705 sub
553 3661 647 3707 unum
670 3645 867 3726 conspectum
889 3639 1085 3702 adducentur.
1224 3626 1228 3635 ’
