2580 4530
582 258 640 315 Lib.
658 261 703 314 11:
720 256 725 287 ¹

208 458 341 525 Hortul-
364 457 429 524 fur.
451 479 481 523 v.
504 457 561 520 53:
669 482 672 493 ·

513 569 547 629 ἕιι
570 559 634 648 γαρ
660 569 918 651 ἐσφραγισμένοι
963 554 989 621 f
1031 595 1035 603 ·

313 664 431 752 δόμων
453 663 632 755 καθήμεθ’
654 664 780 757 σίπορίᾳ
803 673 975 757 σωτηρίας.
1020 696 1036 731 τι

208 778 281 843 Iuro
302 775 460 842 Nouoiius
482 776 611 853 dubitat,
632 779 797 861 possintne,
819 779 871 862 qui
891 778 982 847 domo
1003 779 1178 851 oieotisiut

111 901 206 967 eoquo
228 884 402 955 arceantur,
422 900 499 947 novo
514 884 604 948 verbo
626 885 931 969 ἐξεσφραγισμένοι,
953 886 1040 968 qussi
1054 887 1176 972 exsig-
1257 958 1262 969 ⁸

111 989 211 1066 nati,
236 987 400 1072 appellum
434 1007 506 1054 nom
538 990 574 1053 ut
605 988 691 1074 signo
715 989 859 1072 opposito
886 989 1033 1055 clausum>
1049 992 1175 1057 domum

111 1095 209 1179 fingis
233 1092 328 1177 (quod
350 1113 409 1159 non
430 1095 462 1158 in
482 1095 604 1160 heroico
626 1096 747 1160 tantum
762 1097 863 1172 estote,
885 1097 937 1160 sed
959 1097 990 1160 in
1005 1096 1101 1180 ipsius
1113 1097 1175 1161 uos
1247 1082 1269 1107 ²*

110 1200 217 1283 ripidis
244 1201 375 1266 licenter
403 1200 564 1284 fingatur),
597 1202 702 1271 tumen
731 1199 821 1267 homo
849 1203 933 1267 mire·
959 1201 1078 1267 diostur
1107 1209 1186 1278 ἕξει

111 1310 371 1396 σφραγισμένος.
435 1305 642 1388 Aptissimum
681 1297 785 1371 oontm
827 1298 950 1373 videtur
986 1312 1177 1392 ἐξεσραιέ

111 1442 208 1501 pesp
221 1417 320 1491 έναι,
343 1413 431 1496 quasi
451 1411 521 1494 pilae
541 1412 611 1477 lusu
637 1411 735 1477 eiecti.

210 1519 279 1584 Ibd.
303 1518 358 1579 69:

264 1626 318 1690 καί
342 1625 407 1691 νῦν
431 1629 541 1688 ἐκεῖνα
563 1628 629 1708 μὲν
651 1616 796 1689 θανόντ’
817 1605 1000 1702 α’νέπτατσ,

263 1727 325 1818 ἐγώ
350 1729 385 1795 δὲ
410 1731 463 1799 ναί
486 1724 529 1794 στί
550 1731 722 1815 μέλλομεν
742 1724 922 1815 θνήσκειν,
944 1738 1077 1818 γέρον·
1144 1762 1149 1780 ¹

211 1839 343 1904 Prorsus
373 1855 514 1918 perverse
541 1837 833 1933 poioris‘temporis
848 1840 941 1904 ‘bono
973 1831 1095 1906 mortuo
1127 1840 1186 1904 di·-

110 1948 222 2011 ountur
245 1947 286 2012 ot
309 1943 391 2027 quod
404 1943 576 2024 perversius
600 1943 657 2020 est,
679 1943 800 2008 mortus
816 1944 963 2011 evolasse
1006 1944 1175 2027 Sumpserat

109 2049 286 2134 Euripides:

263 2156 318 2220 καὶ
342 2153 406 2218 νῦν
429 2159 539 2218 ἐκεῖνα
560 2147 669 2238 μετ’
646 2147 812 2238 ανόνητ
834 2126 1021 2223 α’τιίτττατσ.

107 2264 231 2329 Omisso
253 2277 408 2344 errores
432 2278 468 2324 ex
491 2252 597 2324 α’νσντ
597 2251 735 2325 ’natum
757 2254 910 2333 θανόντ’.

209 2368 277 2434 Ibd.
302 2367 378 2430 155:

243 2466 350 2539 τοῖσδ’
373 2472 631 2557 ἕξαγωνίζεσθες
652 2474 720 2539 τών
743 2467 772 2539 θ’
792 2467 845 2559 ἄρ’
866 2470 1007 2542 οὕνεκεν

243 2573 325 2653 τούς
345 2573 566 2663 Ἡρακλείους
588 2579 713 2652 παῖδας
735 2573 777 2646 στί
799 2574 967 2664 θνήσκειν
989 2575 1114 2668 χρειιίν,·

209 2686 332 2751 Novum
363 2687 490 2751 verbum
523 2687 803 2773 ἐξαγωνίζεσθαι,
820 2689 930 2772 magis
960 2691 1066 2754 tamen
1097 2690 1175 2752 mira

107 2793 308 2879 significati03
338 2792 430 2856 debet
458 2792 554 2870 enim,
582 2794 618 2857 ut
651 2794 710 2859 looi
736 2786 897 2858 sententis
930 2793 1079 2871 satisfiat,
1107 2813 1174 2858 osse

107 2902 264 2964 certamen
293 2902 326 2965 ot
351 2897 519 2980 perieulum
547 2898 652 2982 fugero
679 2896 878 2975 messuere,
912 2918 979 2981 quse
1000 2899 1047 2964 vis
1068 2900 1099 2963 in
1121 2900 1175 2965 illa

108 3004 332 3085 compositione
354 3003 455 3067 inesse
477 3003 592 3085 nequit.
635 3004 766 3068 Videtur
784 3002 995 3068 scribendum:

412 3099 516 3173 τοῖσδ’
539 3114 576 3184 ἐξ
598 3102 757 3195 dysteos
773 3096 897 3191 ἦσθες

212 3213 280 3278 Ibd.
307 3214 367 3275 190
389 3235 469 3297 sqq.:

263 3315 350 3406 α’νήρ
375 3315 516 3404 ὁπλίτης
539 3315 658 3392 δοῦλός
680 3324 749 3386 ἐστι
771 3320 838 3396 τών
859 3315 974 3385 ὅπλων
1008 3330 1012 3334 ’

263 3430 318 3492 καί
342 3441 427 3493 τοῖσι
451 3435 691 3514 συνταχθεῖσιν
716 3418 791 3492 οὖσι
817 3422 867 3509 μή
890 3421 1023 3511 ’ναθσῑς

263 3526 368 3605 αὐτός
388 3535 533 3617 τέθνηκε
557 3532 664 3616 δειλίᾳ
688 3533 731 3622 τῇ
753 3533 822 3598 τῶν
845 3534 959 3604 πέλας.

210 3640 319 3724 Neque
350 3640 475 3704 dativus
497 3639 535 3705 do
556 3639 692 3723 personis
713 3639 775 3704 ullo
798 3638 889 3703 modo
911 3637 956 3702 sio
978 3633 1050 3719 poni
1073 3632 1174 3715 potest

108 3750 140 3813 in
163 3766 258 3813 eausa
281 3744 484 3830 significanda
511 3745 599 3810 etvi
599 3745 678 3810 tiose
701 3744 751 3809 hio
778 3743 899 3807 dativus
930 3737 1081 3807 oonourrit
1102 3755 1172 3802 oum

109 3855 206 3919 altero
229 3851 338 3935 δειλίᾳ
360 3877 389 3915 τ.
413 3875 442 3914 τ
466 3876 501 3914 τι.
546 3834 761 3916 scribendum:

262 3964 333 4024 κέν
355 3981 440 4021 τοισι
464 3965 705 4044 σσνταχθεισιν
727 3945 801 4021 οὖσι
822 3975 875 4037 μη
901 3944 1081 4035 γαθσῑς
1116 3994 1119 3999 ·

109 4068 141 4130 h.
164 4086 201 4142 α,
222 4067 306 4131 inter
328 4062 552 4128 commilitones
574 4082 633 4129 non
654 4063 755 4127 fortes.
