2580 4530
236 233 297 294 318
659 232 718 287 Lib.
739 233 792 288 111.

194 428 307 492 bellum
330 432 489 511 gesserunt
509 432 541 495 et
562 431 632 506 alii,
660 431 834 496 Sicilienses
856 429 915 511 ipsi
938 429 1018 494 inter
1039 449 1083 508 se,
1107 432 1140 496 et
1160 431 1243 496 Athe

195 534 316 598 niehses
350 535 482 618 sociique
518 555 631 602 ecrum.
689 536 881 619 Separantur
910 536 1058 601 intestina
1088 537 1244 602 incolarum

196 626 277 704 bella
299 641 330 703 et
351 640 509 731 externum
526 640 777 706 Atheniensium.

295 745 444 824 indm,
469 749 502 811 1:
523 753 556 813 οἱ
579 749 613 815 dl
635 742 895 832 Ἀμπρακιῶται
919 749 973 812 καὶ
997 752 1028 812 σι’
1051 745 1162 825 ἄλλοι,
1184 744 1245 813 ὅσοι

194 855 261 937 μὲν
283 847 467 938 ἐτύγχανον
492 849 600 926 οὕτως
622 847 749 936 σῖθρόοι
773 845 1010 929 ξυνελθόντες,
1041 849 1086 927 οἷς
1108 862 1247 942 ἔγνωσαν

196 951 386 1033 οἶπιόντας,’
407 955 570 1042 ὥρμησαν
593 962 646 1023 καὶ
675 953 772 1025 αὐτοὶ
796 986 826 1024 ιι.
849 987 879 1024 τ.
906 963 934 1025 λ.
984 960 1094 1045 Neque
1115 962 1164 1026 1111
1185 959 1247 1027 ὅσοι

195 1069 260 1146 μέν
287 1065 371 1130 aliud
400 1065 564 1146 respondet
590 1065 765 1146 partitionis
801 1066 974 1131 membrum
1001 1085 1101 1150 neque
1129 1086 1166 1132 ex
1194 1067 1249 1132 illis

198 1167 381 1256 ἐτύγχανον
404 1168 511 1242 οὕτως
532 1162 656 1255 α’θρόοι
680 1167 906 1246 ξυνελθόντες
921 1173 1004 1237 recta
1021 1171 1179 1238 sententia
1193 1171 1250 1237 effi·

196 1273 497 1360 οἰ1σι,ιοο1ἰστεριιε
520 1273 786 1350 ο11οοι111οὕτως.
831 1278 1046 1350 Scribendum:
1070 1274 1145 1343 ὅσοι
1170 1285 1251 1343 ἐνε-

196 1378 407 1470 τύγχανον
431 1377 595 1458 αὐτοῖς,
625 1377 749 1467 οἶθρόοι
773 1380 1010 1458 ξυνελθόντες,
1041 1376 1087 1456 οἷς
1107 1391 1252 1470 ἔγνωσαν

198 1483 379 1564 οἶπιόντας,
403 1485 566 1573 ὥρμησαν
589 1490 643 1554 καὶ
667 1483 765 1555 adnot
789 1515 818 1554 ν.
832 1516 861 1553 τ.
880 1493 908 1555 λ.
955 1489 1157 1571 (messenius,
1180 1489 1253 1555 diffi-

198 1596 311 1661 cultate
333 1596 553 1670 animadversa,
575 1597 689 1661 frustra
710 1590 856 1674 mchtur.)

297 1703 363 1766 Lib.
386 1703 437 1776 IV,
468 1705 497 1779 1,
524 1704 559 1765 2:
604 1707 640 1768 ui
668 1703 701 1768 dl
730 1704 810 1787 νήες
841 1699 1028 1784 Μεσσήνην
1056 1695 1275 1788 ἐφρούρουν’

199 1810 252 1874 καὶ
276 1805 374 1874 ἄλλαι
398 1813 433 1872 αἱ
456 1805 691 1894 πληρούμεναι
709 1811 852 1892 ἔμελλον
866 1801 988 1873 αὐτόσε
1005 1801 1256 1895 ἐγκαθορμισθ-

197 1940 300 2000 μεναι
334 1910 396 1980 τόν
424 1907 578 2000 πόλεμον
603 1918 769 1982 ἐντεῦθεν
796 1908 1014 1999 ποιήσεσθαι.
1059 1902 1176 1981 Sofib.:
1206 1915 1256 1981 ταὶ

199 2017 296 2086 ἄλλοι
322 2016 558 2107 πληρούμεναι
582 2026 735 2107 ἐμελλον,
757 2021 878 2088 sublato
901 2025 952 2099 αἱ,
974 2022 1056 2105 quod
1077 2023 1258 2106 geminando

199 2131 299 2192 ortum
323 2132 378 2192 est.
902 2150 904 2155 ·

297 2233 363 2297 Ibd.
386 2232 415 2310 9,
438 2235 472 2298 3:
496 2236 587 2319 σιμόι
606 2237 639 2301 dl
656 2235 719 2299 τοὺ
734 2235 864 2318 τείχους
880 2227 986 2320 ταύτῃ
1002 2227 1259 2302 αόθενεοτάτου

199 2336 297 2410 ὄντος
339 2331 592 2406 ἐπισπάσεσθαι
630 2335 757 2412 αὐτούς
795 2333 910 2425 ήγεῑτο
952 2335 1258 2426 προθυμήσεσθαι.

199 2444 353 2509 Conantur
384 2464 538 2524 enarrare,
566 2449 602 2511 ut
621 2447 811 2529 Kruegerus‚
842 2445 1088 2512 Lacedaemonios
1118 2467 1260 2532 passurus

201 2569 267 2614 esse
289 2568 321 2614 se
344 2568 377 2613 ec
400 2551 492 2615 allici.
537 2551 598 2616 Sed
619 2571 716 2634 neque
728 2542 953 2616 Demosthenes
974 2553 1041 2634 ipse
1063 2553 1261 2619 Laccdaemo-

200 2656 266 2720 nios
289 2656 328 2720 ad
349 2657 450 2720 locum
472 2657 680 2722 infirmissime
701 2656 855 2722 munitum
876 2659 996 2722 allicere
1012 2659 1144 2738 volebat,
1166 2678 1261 2743 neque

201 2763 252 2845 qui
285 2782 385 2827 errore
421 2762 522 2844 aliquo
557 2762 704 2834 allicitur,
742 2772 986 2847 προθυμεῖται.
1045 2763 1261 2830 scribendum:

202 2863 487 2951 ἐπιβήσεσθαι
523 2861 650 2942 αι’τοής
678 2866 792 2956 ήγεῖτο
825 2867 1131 2955 προθυμήσεσθαι.
1182 2872 1263 2937 Satis

202 2979 268 3041 erat
302 2978 334 3039 et
367 2976 479 3039 rectius
508 2975 700 3059 ἐπιβαίνειν
730 2972 1035 3062 προθυμήσεσθαι.
1084 2977 1147 3042 Sed
1173 2980 1261 3043 notus

203 3086 250 3148 est
271 3083 322 3147 hic
345 3084 413 3165 post
439 3081 606 3147 voluntatis
634 3084 809 3167 consiliique
840 3087 871 3150 et
899 3089 1027 3170 cognata
1055 3084 1148 3149 verba
1169 3083 1263 3149 utun·

201 3189 344 3254 infinitivi
378 3187 457 3270 apud
491 3187 701 3270 Thucydidem
733 3211 806 3258 usus
838 3193 1003 3276 (Kmegcr.
1033 3190 1118 3267 adl,
1148 3191 1199 3267 27,
1237 3192 1262 3263 i,

118 3357 120 3363 .
203 3298 282 3379 synt.
306 3295 358 3360 Gr.
381 3294 398 3376 d
422 3295 478 3355 171
506 3298 608 3360 anot.
633 3296 676 3380 3).

303 3401 369 3466 Ibd.
394 3402 443 3477 11,
465 3401 502 3463 3:
525 3394 612 3484 dcclv
634 3449 641 3465 .
660 3449 693 3466 ..
717 3399 798 3474 τους
819 3394 1039 3486 τριηράρχους
1061 3401 1115 3466 καὶ
1140 3405 1264 3486 κυβερ-

204 3500 309 3590 νήτας
335 3555 343 3570 .
367 3555 374 3571 .
399 3553 405 3568 .
430 3499 670 3578 α’πόκνοὺντας
697 3510 750 3573 καὶ
780 3510 1058 3591 φυλασσομένους
1085 3510 1154 3574 τῶν
1177 3510 1263 3574 νεῶν

203 3611 253 3696 μή
277 3614 510 3698 ξονι-ρι’ψωσιν.
556 3615 723 3680 Genetivus
746 3632 804 3677 non
827 3613 1002 3696 expeditum
1024 3635 1095 3678 nam
1119 3616 1266 3697 partitiva

204 3720 288 3783 notio
310 3720 369 3784 hcc
389 3719 457 3783 loco
477 3739 602 3801 prorsus
623 3721 728 3801 inepta
750 3718 805 3783 est.
845 3719 923 3784 Puto
935 3719 1146 3802 Thucydidem
1169 3722 1264 3804 scrip-

206 3825 281 3889 sisse
303 3826 370 3890 τῶν
392 3826 478 3891 νεών
502 3821 743 3910 ξιῖιιτριιοιν,
766 3843 801 3888 ex
822 3825 937 3889 rariore
957 3826 1148 3890 substantivo
1164 3829 1264 3906 onium

206 3947 273 3993 esse
296 3933 519 4014 ξοντριήιοοιν
540 3937 571 4000 et
592 3932 730 3998 additum
752 3924 811 4014 μή.
855 3930 935 4008 (Non
958 3929 1058 3995 minus
1080 3950 1173 4013 prave
1196 3953 1266 4016 par-

206 4036 312 4102 titivus
342 4039 500 4120 genetivus
533 4038 705 4120 appellatur
730 4056 756 4100 ο.
780 4036 820 4098 64
846 4035 930 4111 inin,
967 4036 1019 4100 uhi
1046 4036 1264 4105 Hermocratcs
