2580 4530
627 257 686 314 Lib.
705 259 728 313 1.
966 266 968 270 ·
1128 267 1168 330 13

103 472 191 536 reque
214 453 438 519 sententiam
450 471 567 535 resque
589 469 695 516 omnes
707 453 761 516 aut
770 458 931 542 plerasque
942 462 1098 546 intellegit
1111 482 1211 546 neque

107 579 219 625 runem
234 559 413 624 orationis
430 559 558 623 motum
570 576 608 621 ao
623 576 662 621 ne
673 561 778 625 omnia
788 564 912 646 quidem
923 568 1017 633 verba
1029 569 1210 633 verborum·

111 686 155 750 quc
174 667 328 744 formas,
362 667 420 743 ia,
454 662 584 730 etiamsi
607 664 674 727 vult
693 665 758 729 solo
788 670 876 734 oculo
904 670 1063 750 ducenti,
1090 676 1207 754 tamem

115 774 172 856 quia
188 773 352 856 quaedam
366 770 537 855 intellegit
554 769 587 832 et
602 767 731 835 fortasse
747 773 892 857 pleraque
908 775 1032 858 (saltem
1047 797 1083 843 ex
1103 779 1206 862 aliqua

118 880 201 962 parte)
213 881 250 943 et
262 879 349 962 quia
362 879 590 961 conquiescere
607 879 727 946 animus
737 880 844 962 nequit
858 900 957 963 neque
972 882 1011 946 ab
1032 901 1076 960 eo,
1098 885 1129 948 in
1146 905 1208 968 quo

120 985 193 1049 bono
232 985 465 1049 cummaxime
495 988 677 1066 occupatur,
699 985 822 1063 abduci,
855 987 980 1051 oculum
1006 987 1039 1050 in
1073 990 1202 1073 singulis

121 1090 219 1155 littaris
233 1091 412 1155 continere
425 1109 488 1154 non
501 1092 609 1171 potest
622 1090 664 1165 (in
676 1092 786 1173 quibus
796 1091 872 1173 ipsis
885 1092 1036 1158 sententia
1052 1113 1110 1158 non
1121 1114 1207 1160 oom-

124 1196 600 1279 prebensismemoriafallitur)‚
616 1197 669 1261 sed
677 1198 838 1263 verborum
846 1200 878 1262 et
888 1199 1109 1263 sententiarum
1118 1202 1204 1267 vanis

124 1303 289 1367 simulacris
302 1304 339 1367 et
352 1295 580 1386 quatrionem
598 1303 714 1368 luditur
723 1305 755 1367 et
769 1303 921 1386 imagines
934 1305 1095 1369 verborum
1109 1305 1206 1388 prius,

125 1429 203 1491 qaam
232 1409 369 1473 litteras
397 1427 508 1473 omnes
524 1410 688 1492 perspexit,
711 1405 813 1473 animo
840 1411 1000 1490 conceptas
1017 1411 1056 1474 ad
1075 1431 1203 1477 manum

126 1517 272 1580 transfert.
325 1515 436 1596 Atque
458 1515 526 1578 baec
542 1515 602 1580 fuit
621 1517 652 1579 et
675 1515 828 1580 inferioris
843 1516 1081 1598 Byzantinaeque
1103 1517 1206 1583 aetatis

128 1618 298 1687 diacorum
325 1620 540 1699 librariorum,
564 1640 634 1685 eum
652 1625 791 1687 veterum
803 1621 985 1703 scriptorum
999 1641 1099 1704 opera,
1123 1643 1203 1707 prae·

128 1729 222 1791 sertim
237 1727 388 1792 oratione
403 1727 437 1790 et
451 1727 545 1792 rebus
558 1727 739 1804 difficilium,
752 1728 790 1791 iis
800 1729 1055 1810 proponebantur,
1069 1729 1205 1794 condicio

127 1834 266 1898 unuln
284 1834 394 1916 magis
416 1832 583 1897 bominum
606 1833 768 1910 Italorum,
787 1832 956 1910 Gallorum,
978 1832 1203 1898 Germanorum

128 1946 185 2020 post
203 1941 372 2004 sublatam
385 1957 512 2020 prorsus
525 1957 563 2003 ex
574 1938 732 2002 hominum
748 1958 802 2003 usu
815 1939 959 2023 Latinam
973 1938 1126 2022 linguam3
1142 1940 1204 2003 ita-

128 2064 176 2126 que
197 2045 283 2127 quod
304 2045 410 2109 multo
431 2045 632 2127 propinquior
652 2046 757 2109 tamen
779 2046 811 2109 et
830 2043 1011 2109 familiarior
1031 2044 1201 2127 Byzantino

128 2151 237 2216 bomini
247 2169 308 2233 pro
318 2150 388 2214 eius
401 2151 551 2233 temporis
564 2153 656 2232 captu
668 2150 781 2227 litteris
796 2150 914 2215 imbuto
928 2150 1105 2215 occurrebat
1115 2153 1202 2215 vete·

129 2258 333 2339 risscrpronis
351 2256 581 2338 Graecispeoies
593 2276 684 2338 quam
696 2256 799 2321 Latini
820 2255 976 2332 monacho,
998 2256 1100 2320 utboo
1121 2256 1202 2335 utar,

129 2362 209 2428 dallo
219 2363 423 2428 ‹lermanore
434 2363 507 2426 noni
515 2363 571 2426 aut
578 2362 689 2427 decimi
695 2363 801 2439 seculi,
813 2362 953 2444 quamvis
968 2362 1030 2426 sint
1041 2361 1197 2443 depravat

129 2471 221 2534 draci
244 2468 395 2544 codices,
427 2471 534 2532 tamen
557 2488 712 2551 nunquam
740 2487 835 2550 usqne
863 2467 902 2530 ad
929 2486 998 2531 eam
1026 2469 1200 2534 barbariem

129 2576 286 2638 urinum
307 2575 341 2636 et
364 2573 534 2637 formarum
555 2578 586 2640 et
608 2575 646 2638 ad
668 2594 704 2639 ea
721 2574 860 2638 monstra
873 2573 1038 2637 deventum
1052 2577 1108 2652 est,
1132 2596 1198 2658 quae

129 2682 298 2744 irLatinis
321 2700 405 2761 saepe
428 2681 621 2756 obiiciuntur,
644 2700 714 2744 cum
738 2680 817 2743 infra
835 2680 1053 2762 palimpsestos
1076 2684 1107 2743 et
1122 2701 1199 2762 pan·

135 2787 272 2863 issimos,
286 2787 342 2868 qui
365 2805 400 2850 ex
421 2788 524 2850 seculo
540 2787 643 2869 quinto
657 2785 853 2868 proximoque
875 2787 1048 2869 supersunt,
1070 2786 1199 2853 descen·

128 2892 258 2969 =iimus¹).
311 2894 414 2975 Atque
425 2893 490 2957 baeo
504 2892 659 2956 memoriae
672 2893 703 2955 et
717 2891 911 2974 cogitationis
921 2896 1057 2960 obscurae
1073 2899 1198 2958 oculum

127 3000 342 3076 ¹:remanentis
367 3002 398 3062 et
423 2997 604 3080 decipientis
625 3002 655 3062 et
680 2998 866 3063 scribentem
888 3001 928 3065 ad
942 3005 1014 3068 nota
1035 3006 1066 3068 et
1083 3005 1198 3069 usitata

190 3350 314 3403 Exstant
339 3348 373 3401 de
401 3350 495 3403 eadem
520 3364 549 3401 re
573 3350 706 3405 ldartialis
730 3353 759 3403 et
783 3351 865 3406 Gellii
893 3354 1019 3422 querelae,
1044 3353 1076 3404 de
1096 3351 1197 3404 Grecis

189 3442 295 3495 Galeni
314 3446 345 3495 et
364 3443 488 3498 aliorum.

136 3546 157 3599 'r
184 3548 244 3602 Hoc
266 3546 420 3601 discrimen
439 3546 595 3600 Graecorum
613 3550 640 3602 et
658 3548 816 3601 Latinorum
834 3549 954 3602 codicum
971 3547 1049 3615 quale
1068 3547 1113 3608 sit,
1134 3562 1194 3614 per·

179 3644 299 3711 spinet,
330 3641 381 3708 qni
407 3639 493 3708 (quod
516 3639 731 3695 adolescentibus
749 3641 895 3710 philologis
913 3639 1009 3692 svadeo
1033 3641 1064 3690 ut
1082 3637 1192 3702 facient)

177 3736 291 3803 aliquot
323 3736 445 3805 paginas
475 3733 600 3786 Platonis
626 3734 671 3800 sic,
694 3734 770 3787 nulla
794 3735 887 3787 littera
914 3733 1027 3796 mutata,
1048 3730 1195 3801 descriptas

176 3829 294 3899 legarit,
319 3829 420 3898 quales
440 3825 554 3880 suntin
572 3827 661 3881 codice
680 3826 823 3881 Oroniensi
841 3828 889 3879 aut
907 3824 1028 3877 Parisino
1047 3825 1079 3885 A.
1098 3825 1193 3879 deinde

176 3924 250 3977 idern
273 3922 505 3993 experimentum
524 3919 692 3974 transtulerit
710 3920 744 3974 ad
763 3918 909 3981 Ciceronis,
938 3919 969 3969 ut
987 3916 1037 3970 boc
1055 3921 1127 3981 utar,
1150 3934 1193 3970 co-

172 4017 261 4072 dicem
288 4015 469 4069 Vaticanum
494 4011 708 4080 Philippicarum
731 4015 780 4067 aut
797 4012 884 4082 magis
902 4011 982 4066 etiam
1002 4011 1036 4064 ad
1051 4008 1123 4064 Livii
1138 4009 1193 4063 Pu-

170 4124 301 4166 teaneum
325 4110 380 4164 aut
402 4100 653 4164 vindobonensem.
