2580 4530
590 262 719 322 nisan.
1082 268 1144 365 τεο

121 459 227 525 deinde
264 462 286 541 ᾖ
313 461 335 522 4
363 463 469 529 scriba
501 459 559 529 ὅτε
591 465 737 531 Βοιωτοὶ
769 459 871 551 μο’νοι
907 469 1082 556 ἐγίγνοντο
1118 477 1185 554 (pro

122 569 298 652 ἐγένοντο),
320 570 440 653 quoties
462 570 519 653 soli
540 571 637 636 erant.
644 570 671 648 ¹)
903 567 904 571 ’

216 674 286 740 Lib.
317 675 373 752 IV,
404 676 435 752 4,
469 677 507 737 16
533 663 616 741 recte
642 676 786 742 Reiskins
818 682 916 746 sensit
944 681 978 746 in
1006 681 1074 746 his:
1112 694 1184 756 nors

119 774 236 854 αὐτοῖς
261 776 410 866 ἥδωνται
440 782 668 848 substantivum
689 777 859 860 excidisse3-
886 805 959 850 nam
980 789 1012 852 et
1033 785 1182 872 ἥδωνται

117 889 220 971 inepte
243 887 282 952 de
302 888 401 972 poetis
423 887 546 954 additur
572 892 641 972 post
663 890 823 974 αἱρῶνται
846 893 879 956 et
898 883 971 958 οὐδ’
993 901 1050 960 ἵνα
1072 913 1183 961 novam

117 1011 181 1059 rem
222 993 384 1078 significat
440 995 572 1060 videta
613 995 724 1062 fnisse:
760 1009 832 1071 sols
866 991 984 1073 αὐτοῖς
1028 1001 1183 1076 σιτίοις

118 1096 277 1183 ἥδωνται.

215 1206 284 1272 Ihd.
306 1207 336 1285 6,
358 1207 377 1268 9
399 1209 432 1272 et
453 1208 606 1274 sententia
628 1211 659 1275 et
682 1211 823 1276 codicum
851 1212 982 1296 vestigia
1011 1213 1181 1297 postulant:

120 1307 166 1379 Td
190 1313 227 1379 δὲ
249 1308 354 1378 νσλόν
387 1321 474 1400 ἔχοις
498 1311 542 1379 ἄν
572 1340 644 1389 πως
678 1312 785 1390 ἄλλως
817 1321 945 1398 sircam
977 1311 1000 1402 ἢ
1033 1312 1183 1394 dcccmo*

115 1411 294 1503 ὀνομάζεις
323 1417 426 1485 ιιοιλών
456 1415 478 1505 ἢ
511 1421 608 1505 σῶμα
640 1417 662 1506 ἢ
696 1425 816 1497 σκεῦος
842 1418 866 1508 ἢ
897 1417 971 1489 ἄλλ’
1000 1418 1135 1500 ὁτιοῦν,
1160 1420 1181 1490 ὅ

115 1527 218 1593 οἶσθα
256 1519 343 1610 πρός
378 1519 492 1591 πάντα
523 1522 629 1594 καλὸν
659 1525 719 1609 ὅν,·
754 1529 893 1594 Primum
920 1531 1060 1597 universe
1082 1532 1180 1598 inter·

114 1635 210 1721 rogat,
233 1632 383 1697 eodemne
405 1632 496 1698 modo
518 1634 556 1699 de
577 1636 703 1718 pulchro
725 1655 758 1700 se
778 1655 828 1701 res
849 1636 972 1709 habeat,
995 1637 1105 1703 deinde
1128 1654 1180 1702 ex·

113 1738 270 1824 plicatus,
300 1737 381 1803 sitne
406 1740 695 1823 quinquenniis,
727 1760 794 1826 quae
823 1741 1181 1824 pulchranominentur,

112 1845 274 1928 pulchrum
304 1844 343 1909 ad
375 1846 486 1910 omnia.
531 1847 684 1914 Inciderat
715 1849 748 1913 in
777 1856 884 1914 verum
918 1848 1089 1924 Ernestius
1123 1850 1179 1914 sed

113 1960 170 2018 non
192 1952 326 2017 firmiter
346 1953 455 2018 tenuit.

546 2150 743 2158 ’,Μ

210 2270 257 2334 Ex
283 2270 450 2335 minoribus
477 2269 687 2351 Xenophontis
721 2269 834 2335 libellis
867 2271 907 2335 ad
948 2271 1175 2336 (Economieum

111 2379 139 2440 et
149 2378 327 2452 Hieronem,
350 2396 425 2459 quos
447 2380 518 2441 ante
539 2374 652 2439 multos
665 2393 758 2440 annos
779 2376 850 2460 legi,
863 2377 942 2442 nihil
964 2377 1081 2459 reperio
1104 2378 1175 2445 novi

111 2484 303 2561 annotatum,
335 2480 374 2546 ad
405 2479 584 2548 convivium
613 2499 708 2546 unum
741 2483 773 2546 in
805 2502 872 2566 cap.
906 2485 940 2562 6,
963 2484 981 2544 7
990 2532 998 2560 ,
1031 2484 1085 2548 uhi
1105 2503 1175 2548 oum

111 2589 262 2665 Socraten,
286 2584 466 2671 μετεώρων
497 2580 701 2672 φροντιστής
728 2607 746 2652 a
775 2589 964 2674 Syracusano
993 2589 1174 2672 appellatus,

108 2697 136 2760 id
174 2696 216 2760 ad
256 2694 382 2760 deorum
423 2713 527 2758 curam
562 2695 749 2774 rettulisset,
788 2697 911 2762 subiicit
946 2697 1172 2780 Syracusanus:

108 2795 201 2869 Ἀλλ’
225 2795 268 2867 οὐ
287 2796 339 2884 μοι’
362 2793 432 2874 Ai',
463 2793 504 2865 οὐ
527 2800 659 2867 τούτων
681 2827 717 2866 σε
740 2805 896 2885 λέγουσιν
917 2804 1171 2886 ἐπιμελεῖσθαι,

108 2904 193 2976 α’λλοὲ
227 2908 297 2973 τῶν
329 2901 630 2990 desperantem,
668 2927 735 2991 quae
767 2908 896 2972 ridicula
931 2912 979 2974 est
1008 2907 1172 2982 ansam
1263 2957 1265 2961 1

108 3035 205 3100 neque
234 3016 326 3090 enim,
358 3032 428 3080 cum
461 3012 638 3099 μετεώρων
670 3009 876 3098 φροντιοτὴν
911 3014 1068 3078 Socratem
1088 3013 1169 3078 invi-

108 3123 189 3189 diose
216 3120 427 3204 appellabant,
449 3122 604 3186 inutilium
633 3121 793 3185 siceram
821 3117 1004 3183 ohiieiehant
1032 3137 1088 3183 nec
1116 3119 1173 3183 hoo

107 3230 233 3293 deornm
263 3245 342 3292 curae
370 3229 556 3292 contrarium
587 3228 718 3311 ponitur.
776 3226 817 3289 Et
844 3224 905 3289 alio
932 3226 1085 3306 spectasse
1114 3223 1172 3306 Sy-

107 3334 246 3399 racusani
268 3333 361 3398 verba
382 3334 555 3411 ostendunt,
584 3353 651 3417 qnae
673 3332 834 3416 respondet
856 3329 1007 3404 Socrates,
1030 3331 1073 3394 sio
1095 3348 1171 3412 qno·

107 3460 163 3524 que
198 3440 324 3505 deornm
357 3458 461 3504 curam
494 3441 675 3523 significari:
707 3437 873 3506 ’Ἁνωθεν
903 3439 1027 3523 μένγε
1049 3432 1171 3508 ὕοντος

133 3711 230 3778 ¹)111‚
260 3715 284 3771 6,
310 3715 343 3767 12
372 3712 550 3775 scribendum,
575 3713 646 3782 quod
663 3713 703 3799 ἱοι
716 3714 804 3768 codice
828 3713 917 3781 aliquo
942 3709 1098 3765 annotatum
1118 3709 1168 3770 est,

175 3804 332 3874 σαήιιτομαι
354 3805 531 3872 (excusatione
549 3807 630 3871 utor).
667 3805 793 3860 Nondum
817 3821 845 3858 se
868 3802 926 3857 ludi
950 3801 1050 3856 Glauco
1076 3800 1169 3854 sentit.

174 3896 230 3951 Nec
256 3897 428 3965 σκώπτομαι,
458 3899 504 3953 sed
529 3898 659 3962 σκώπτεις
683 3899 802 3952 dixisset.
847 3896 903 3955 ΠΙ,
928 3898 959 3960 9,
986 3892 1168 3951 orectissime

174 3990 300 4045 Reiskius
326 3990 397 4044 vidit
424 4007 471 4059 pro
495 3990 581 4063 ἀρετῇ
608 3992 708 4060 requiri
736 3992 830 4064 σοφίᾳ,
850 3988 903 4042 nisi
933 3987 991 4057 ipse
1018 3984 1167 4054 Xenophon

175 4083 341 4137 dormitavit.
