2580 4530
608 286 668 344 Lib.
681 288 705 346 1.
1106 294 1146 357 27

104 501 184 568 sape
209 485 330 549 litterae
353 484 478 568 aliquot
499 487 707 552 mutabantur.
750 486 854 570 Atque
875 488 969 554 etiam
991 492 1072 569 ante,
1095 512 1190 575 quam

106 591 199 655 rerba
227 590 401 656 scribendo
430 594 671 674 separabantur,
699 595 733 658 in
758 593 887 677 legendo
915 594 948 658 hi
969 616 1084 662 errores
1106 598 1189 663 eooi-

106 696 175 761 dere
192 698 346 780 poterant
367 700 400 762 et
420 696 611 763 scribentem
638 699 763 763 turbare
791 687 834 764 et'
849 700 889 763 ad
914 702 1080 766 mutandas
1101 702 1189 767 litte-

106 821 154 866 ras
186 803 369 885 impellere.
424 804 536 886 Itaque
567 804 729 885 multiplex
761 806 900 871 nascitur
930 808 1076 872 confusio.
1126 808 1189 871 Ra·

109 910 231 973 tissime
250 909 340 972 enim
363 927 472 974 omnes
492 910 605 974 litterae
628 914 800 993 supersunt,
822 914 944 977 tantum
967 915 1049 977 male
1072 913 1188 991 divisae,

110 1019 142 1078 nt
168 1015 258 1097 apud
293 1015 460 1079 Platonem
489 1035 514 1079 r.
542 1035 572 1098 p.
595 1015 654 1080 VH
683 1037 712 1099 p.
750 1018 810 1081 519
839 1019 885 1095 B,
919 1019 971 1083 ubi
1001 1019 1108 1102 optimi
1137 1034 1188 1084 oo·

110 1122 191 1186 diees
227 1123 319 1204 (Par.
354 1121 384 1184 A
418 1122 450 1185 et
482 1119 549 1202 alii)
591 1121 637 1185 sie
669 1123 825 1206 scriptum·
859 1124 995 1189 habent:
1046 1124 1095 1205 (αἱ
1121 1125 1189 1208 ’μσ-

112 1228 290 1313 ὶιιβδίδες)
315 1227 406 1310 περὶ
439 1218 527 1290 κάτω
568 1233 744 1310 στρέφουσι
772 1226 837 1313 τήν
863 1232 926 1315 τῆς
957 1232 1067 1316 ψυχῆς
1096 1227 1189 1307 ὄψιν,

114 1334 198 1399 Plato
221 1335 294 1416 ipse
317 1325 492 1417 περικάτω
514 1331 578 1415 legi
598 1335 746 1412 voluerat,
767 1354 842 1400 usus
862 1335 1017 1420 popularis
1038 1334 1189 1400 sermonis

113 1440 278 1517 adverbio,
319 1448 389 1522 qno¹
410 1437 641 1522 significabatur
667 1442 825 1507 summis
855 1442 898 1506 ad
919 1442 1036 1506 imum
1055 1441 1188 1518 versis,

113 1548 240 1629 eapite
264 1545 446 1611 deorsum
462 1542 574 1609 verso
598 1545 848 1631 (hopfnnter),
872 1548 953 1631 qnod
969 1546 1190 1628 Aristophanes

115 1645 297 1735 κατωκάρα
322 1651 407 1716 dicit.
455 1651 493 1715 Id
505 1649 683 1717 adverbium
695 1653 826 1718 Photills
840 1654 872 1717 in
889 1655 983 1719 lexico
1004 1646 1189 1734 (περικάτω

116 1754 346 1844 τραπήσεται.)
374 1750 536 1840 συνήθως
565 1759 724 1847 λέγεσθαι
753 1760 875 1835 auribit3
907 1779 982 1824 usus
1014 1777 1049 1822 eo
1076 1758 1125 1821 est
1160 1759 1191 1821 et

115 1869 257 1950 mtiquos
287 1867 322 1929 et
350 1882 547 1928 communem
575 1881 747 1929 sermonem
776 1884 905 1948 sequens
932 1865 1117 1930 Plutarchus
1152 1863 1191 1927 de

115 1969 480 2045 minmorbelunaeau,
503 1969 523 2030 8
546 1969 588 2050 (p.
601 1970 727 2055 9431)),
749 1971 802 2035 uhi
824 1971 938 2035 editur:
963 1971 1054 2042 ἐνίοις
1078 1970 1110 2034 db
1135 1972 1188 2035 καὶ

116 2081 177 2144 τοῖν
214 2084 288 2143 ἐκεῖ
322 2075 467 2162 (ψυχῶν)
504 2071 754 2159 περὶ[τσῖ]κσὶτω
794 2082 1008 2161 τρεπομένοις
1035 2073 1191 2146 σῖονέἰς

114 2180 233 2265 peuda
257 2173 371 2255 αὖθις
392 2176 495 2265 ὁρῶσι
522 2180 796 2267 καταδυομένας(
836 2185 933 2248 Recte
954 2182 1073 2247 codices
1096 2206 1190 2265 περι·

118 2286 200 2356 sdan
225 2292 459 2372 τρεπομένας.
505 2287 657 2370 (Platonis
680 2289 811 2354 editores
834 2308 871 2354 ex
891 2288 1083 2372 interpolatis
1106 2289 1190 2354 eodi-

119 2400 197 2464 ribns
224 2396 399 2462 tennerunt
421 2396 500 2477 aspi
524 2389 565 2458 ad
589 2389 695 2459 κάτω.
730 2397 927 2459 Hermannus
950 2388 1055 2473 notae,
1089 2395 1190 2460 deleto

120 2508 220 2589 περί.)
260 2505 300 2567 In
324 2502 482 2583 Sophoclis
499 2501 645 2584 Antigon.
668 2502 729 2563 205
745 2520 790 2583 sq.
814 2495 1002 2565 αἰκισθένί
1024 2522 1078 2583 pro
1104 2505 1191 2566 οἰκι-

118 2618 198 2677 σθὲν
213 2604 246 2675 τ’
262 2607 418 2691 scriptum
439 2608 510 2689 (aui
534 2607 637 2689 δέμας
659 2607 745 2671 ἰδεῖν
767 2601 853 2689 πρός
875 2607 1004 2672 οἰιονῶν
1027 2611 1081 2672 καὶ
1105 2604 1190 2692 πρὸς

119 2721 226 2784 zer-niv
250 2708 395 2780 ἐδέστόν
416 2717 576 2778 αἰκισθέν
597 2706 640 2795 τ’)
662 2712 750 2791 feeit,
780 2715 815 2776 ut
843 2733 954 2796 pravae¹
974 2715 1005 2777 et
1026 2715 1111 2778 mirae
1140 2735 1192 2778 ex-

118 2825 330 2909 =:ogitarentnr
363 2820 526 2884 verborum
557 2819 715 2882 iunoturae.
770 2817 852 2881 lllud
883 2840 969 2901 paene
1001 2821 1192 2896 incredibile,

119 2932 191 3013 epnd
214 2927 461 3008 Xenophontem
482 2925 515 2987 in
538 2923 646 3006 Cyrop.
664 2925 704 3002 II,
728 2923 757 3001 4,
783 2925 819 2984 17
844 2924 1018 2990 etiamnuno
1040 2927 1104 2990 edi:
1134 2921 1192 2996 οὓς

120 3036 154 3103 σι’·
175 3030 306 3121 λαβών
335 3025 447 3102 εὐθύς
479 3025 589 3102 σι’νιόις
610 3049 664 3112 pro
693 3022 804 3100 εὐθύς
832 3023 876 3094 ἂν
907 3033 981 3108 ἴοις,
1012 3052 1082 3095 cum
1113 3051 1194 3113 prae·

120 3146 218 3209 sertim
236 3146 270 3208 et
287 3133 423 3205 α’νιένσι
440 3138 479 3202 ad
495 3156 561 3201 rem
577 3137 713 3219 ineptum
727 3137 757 3198 et
769 3137 832 3203 sine
846 3133 889 3200 ἄν
905 3139 1001 3202 oratio
1018 3137 1132 3200 soloeea
1142 3137 1193 3212 sit,

118 3270 293 3334 quanquam
318 3264 383 3310 non
406 3245 505 3323 deest,
539 3243 591 3325 qui
613 3243 804 3308 defensorem
828 3243 903 3307 citet
923 3263 978 3307 neo
1000 3243 1052 3325 qni
1072 3242 1192 3304 nitetur.

118 3357 235 3423 illitam
269 3351 405 3420 iubendi
437 3370 505 3415 esse
537 3350 668 3414 formam
698 3350 762 3421 ἴοις
795 3345 847 3426 ἄν,
874 3350 981 3413 notum
1011 3347 1081 3428 est.)
1132 3345 1194 3410 Sed

118 3463 290 3546 mussini
315 3457 458 3524 vulneris
481 3457 616 3539 speeiem
637 3456 731 3519 habet
751 3455 910 3521 Strabonis
932 3455 1018 3517 locus
1032 3452 1063 3514 II
1078 3471 1107 3532 p.
1125 3453 1193 3529 110,

119 3572 160 3635 nbi
197 3571 236 3634 de
271 3566 407 3632 homine
440 3563 670 3628 mathematioae
704 3563 735 3626 et
767 3559 979 3644 geographicae
1012 3557 1195 3622 subtilitatis

118 3679 222 3762 riperti
245 3677 318 3740 haeo
344 3671 511 3736 dicuntur:
548 3663 775 3733 dentitiones
808 3671 872 3749 μὲν
908 3660 971 3752 γάρ
1001 3657 1062 3747 6ρᾷ
1097 3661 1194 3749 ἥλιον

117 3788 160 3850 zoi
184 3778 343 3852 δι”νοντιι
372 3779 431 3844 καὶ
454 3775 756 3859 ριεσοιιραιιοῦιιτα,
789 3775 861 3837 τινα
886 3762 926 3835 dt
955 3769 1102 3855 τρόπον,
1133 3797 1194 3835 σοι

118 3907 307 3967 aaronem,
347 3878 449 3972 (odda
483 3877 550 3968 γάρ
579 3876 748 3967 χρήσιμον
770 3873 860 3964 αὐτο]
884 3871 970 3961 τιρός
994 3872 1031 3943 τό
1060 3878 1196 3961 προκει-

118 4030 216 4081 ιιιισν,
240 4000 371 4080 ὥσπερ
398 3984 486 4058 οὐδὲ
509 3984 546 4054 ao*
566 3983 784 4073 παράλληλον
796 3978 932 4053 ἑστάναι
949 3986 992 4069 τῷ
1006 3983 1193 4066 παρεστῶτι

118 4106 213 4197 ἦρξ’)
236 4104 329 4198 τάχα
368 4094 403 4168 δ’
431 4105 616 4162 ἐπισκοποῖ
646 4102 711 4179 μὲν
741 4090 785 4158 ἄν
807 4119 857 4166 τι,
888 4085 973 4168 δόξει
1003 4083 1032 4155 δ”
1060 4095 1096 4152 ἐν
1125 4098 1196 4158 τοῖς

1166 3766 1173 3784 )

1177 3798 1184 3809 a
