2580 4530
193 295 255 359 134
566 267 568 271 ’
631 295 690 352 niu.
709 298 731 352 1.

150 494 288 561 conditor
307 479 471 563 serebatur.
515 496 553 561 Id
573 495 640 578 ipsc
661 493 771 558 Strabo
792 496 872 561 sine
887 496 1008 561 nomine
1030 492 1219 578 significavit

149 600 254 684 paucis
273 604 348 668 ante
369 603 508 669 versibus
534 611 580 685 (p.
605 599 689 677 283),
717 593 755 663 τό
779 594 948 688 ἐμπόριον
968 602 1037 668 τόιι
1058 601 1213 665 Καναστ-

150 707 217 772 cciv
238 707 278 773 ad
288 708 437 775 Aufidum
457 710 573 773 flumen
595 706 706 782 situm;
728 724 841 773 nomen
863 729 900 775 er
919 708 1026 774 tabula
1046 705 1217 788 Peutinge-

151 813 236 878 dana
251 814 300 894 (ei,
311 815 348 879 ut
358 814 490 893 videtur,
512 814 571 878 hoc
586 813 633 877 est
647 811 843 894 Aufinum)
859 818 890 880 et
899 803 1055 880 itinerario
1065 808 1216 876 Antonini

152 921 193 1000 (p.
206 918 270 980 314
282 919 355 985 edit.
367 920 499 986 Wossel.
514 915 719 992 Aufidena)
743 917 859 986 scimus
880 939 917 986 ox
938 920 1066 986 flumine
1088 920 1215 984 ductum

151 1023 263 1102 fuisse;
286 1044 323 1090 ex
342 1025 456 1090 litteris
480 1020 518 1090 τό
542 1026 664 1093 πεδίον
685 1026 808 1092 videtur
828 1026 974 1091 facillimo
996 1027 1078 1092 effici
1098 1018 1215 1111 Αόιγί-

153 1127 237 1196 διον.
281 1131 332 1195 Ad
350 1132 439 1196 hanc
450 1132 563 1196 saltem
581 1132 713 1198 formam
732 1131 913 1197 Strabonem
931 1131 1089 1215 scripsisse
1116 1133 1219 1215 patet:¹

153 1237 307 1321 λίγοαται
343 1235 377 1301 δὲ
405 1229 606 1322 ’.ὀμφότεραι
642 1236 837 1322 Διομήδους
872 1239 1040 1322 ιιτιόμιιτα
1076 1239 1131 1303 καλ
1169 1233 1217 1301 ad

154 1334 382 1427 Αὐφίδιον
411 1345 465 1408 καί
489 1341 574 1409 ἄλλα
598 1339 708 1409 πολλοί
734 1345 905 1412 ticinenses
930 1392 937 1406 .
963 1392 971 1409 .
995 1391 1003 1409 .
1027 1356 1164 1427 σημεῖα.

254 1446 355 1526 (XIV)
379 1447 543 1514 Libr.V11
570 1470 600 1533 p.
623 1450 685 1512 290
707 1449 817 1516 Strabo
841 1469 877 1516 ex
897 1449 1018 1533 populis
1041 1449 1216 1524 Germanis,

153 1554 206 1637 qni
242 1555 316 1618 olim
350 1553 390 1618 od
422 1553 604 1634 orientalem
634 1555 734 1620 Rheni
768 1555 868 1637 ripam
895 1555 1107 1630 habitassent,
1140 1557 1221 1620 aiios

155 1659 261 1725 scribit
281 1650 314 1723 in
333 1658 499 1724 'Gallicam
512 1659 612 1741 ripam
635 1681 654 1726 a
676 1661 823 1728 Romanis
844 1660 1011 1735 traductos,
1034 1662 1112 1727 alios
1132 1662 1217 1744 ipsos

105 1840 108 1852 .
153 1768 189 1836 iu.
205 1765 352 1830 interiora
375 1764 548 1832 Germanias
569 1768 731 1833 recessisse
754 1759 893 1857 (ταύτης
915 1767 949 1833 dt
970 1762 1012 1832 τοί
1035 1767 1140 1852 [ἔθνη
1159 1761 1220 1852 τοί]

153 1877 219 1965 peta
240 1877 290 1946 εἰς
312 1866 377 1958 τήν
398 1865 580 1956 Κελτικήν.
593 1867 792 1960 μετήγαγον
804 1867 986 1956 Ῥωμαῖοι,
998 1871 1050 1939 τοί
1072 1868 1111 1940 δ’·
1124 1881 1217 1959 ἔφθη

154 1974 372 2065 μεταστάντα
395 1983 444 2069 εἰς
465 1973 539 2063 τήν
552 1984 589 2044 ἐι
609 1975 718 2066 βάθει
735 1973 858 2068 χώραν,
881 1972 1042 2064 καθάπερ
1055 1981 1220 2064 Μαροοί),

53 2078 54 2083 ¹
154 2088 223 2151 tum
251 2085 352 2151 addit:
379 2086 500 2149 dotant
521 2077 550 2150 δ’
572 2089 659 2152 αἰτία
682 2076 790 2175 ὀλίγοι
811 2092 868 2164 ’καί
891 2089 958 2154 τοία
981 2081 1219 2173 Σοογάμβρων

153 2198 267 2278 μέρος.
311 2192 437 2255 Poterat
456 2190 530 2255 ferri
552 2188 649 2257 ἄλλοι
670 2187 699 2256 τ’
722 2188 831 2283 ὀλίγοι
855 2199 910 2263 καί
933 2201 967 2262 ot
985 2186 1218 2280 Σούγαμβροι,

154 2320 213 2366 non
240 2297 343 2382 potest
369 2290 478 2382 ὀλίγοι
505 2299 558 2362 καί
585 2295 820 2386 Σούγαμβροι,
850 2303 952 2368 multo
978 2303 1082 2366 autem
1113 2297 1219 2362 minus

27 2430 31 2434 ⁴
156 2399 262 2492 ὀλίγοι
282 2404 340 2468 ταί
365 2395 602 2487 Σοογόμβρων
622 2408 735 2489 μέρος.
780 2407 845 2472 Hoc
868 2408 949 2472 anim
970 2406 1159 2479 sie‘dicitur,
1181 2407 1218 2469 ut

155 2511 328 2579 necessario
345 2507 517 2590 praeoedere
530 2509 641 2575 debeat
652 2512 730 2577 alius
741 2512 855 2596 populi,
879 2512 932 2595 qui
952 2513 1038 2577 totus
1058 2499 1215 2584 manserit,

153 2629 276 2684 nomen.
318 2612 527 2680 lesbiorum
554 2613 709 2701 (Οὕβιοι)
734 2636 801 2684 esse
823 2620 945 2709 nequit,
958 2617 1111 2701 ‘quoniam
1132 2616 1156 2680 ii
1178 2617 1217 2680 ab

154 2725 293 2809 Agrippa
311 2721 376 2785 iam
398 2713 552 2802 aliquanto
574 2724 654 2798 ante,
678 2742 771 2806 quam
790 2724 899 2790 Strabo
918 2725 1052 2807 scripsit,
1074 2724 1215 2788 Rhenum

154 2828 289 2909 uaducti
311 2827 399 2894 eraut
420 2826 512 2911 (quod
538 2827 604 2909 ipse
627 2829 736 2895 Strabo
758 2831 802 2896 IV
829 2850 860 2912 p.
886 2831 944 2892 194
958 2830 1218 2909 [commemoratu

154 2938 257 3019 itaque
282 2928 467 3000 Οὕοιιιοι
491 2932 549 3007 (sic
561 2935 653 3000 enim
669 2936 792 3021 Usipios
806 2935 915 3002 Strabo
939 2936 1075 3020 appellat
1088 2955 1124 3017 p.
1143 2933 1215 3011 292)

157 3043 210 3111 aut
231 3059 248 3105 e
268 3039 436 3104 Ptolemaeo
461 3031 649 3106 Οόϊσποί
669 3042 858 3108 inurentem
881 3043 1016 3108 veniunt.

181 3171 193 3186 ι
255 3144 340 3227 (XV)
363 3145 400 3207 In
421 3144 558 3209 eiusdem
570 3144 727 3212 Strabonis
737 3148 806 3213 libr.
818 3148 895 3213 VIII
904 3169 934 3231 p.
947 3148 1008 3211 345
1020 3146 1217 3211 obscuratum

156 3256 205 3319 est
225 3251 387 3316 vludicrum
422 3269 535 3319 nomen
566 3252 669 3336 lepide
698 3253 808 3318 fictum
836 3254 875 3318 ab
905 3253 1027 3318 homine
1055 3250 1158 3316 festivi
1187 3250 1217 3313 et

155 3358 292 3442 procacis
313 3357 456 3441 ingenii„
477 3357 559 3421 Nam
579 3357 658 3439 quod
677 3359 708 3423 in
723 3357 866 3442 Odysseae
886 3360 964 3424 libro
986 3359 1043 3432 ΙΙΙ,
1067 3355 1128 3418 368
1151 3375 1217 3440 sqq.

38 3496 43 3519 s
156 3465 297 3530 Minerua
319 3464 375 3529 sub
388 3463 537 3527 Mentoris
558 3482 687 3545 persona
708 3465 819 3541 latens,
840 3465 1003 3547 postquam
1026 3482 1058 3528 se
1081 3462 1157 3526 dixit
1178 3463 1218 3527 ad

157 3588 273 3635 navem
297 3571 465 3635 redituram
495 3572 539 3634 et'
552 3587 643 3633 mane
669 3568 708 3632 ad
733 3568 890 3635 Cauoonas
918 3588 1025 3634 versus
1053 3569 1218 3642 abituram,

156 3676 201 3740 sio
222 3676 385 3754 Nestolem
409 3676 591 3759 alloquiturr
622 3669 664 3739 στί
694 3676 889 3750 asceam,
919 3677 991 3745 saer
1019 3669 1100 3740 τεόν
1126 3680 1216 3739 ἵκετο

157 3783 266 3865 ιίοίμοι,
289 3783 441 3865 Πέμψον
456 3780 520 3847 στίν
532 3781 637 3866 δίφρῳ
649 3807 685 3845 τε
701 3781 755 3844 καί
779 3786 858 3846 υἱέϊ·
883 3776 941 3852 ὀός
965 3782 999 3846 dr'
1021 3785 1052 3845 oi
1076 3788 1218 3853 i'aarrovc,

160 3887 209 3952 Οἵ
227 3911 285 3950 τοι
308 3881 528 3972 ἐλαφρότατοι
553 3881 666 3962 doleia
692 3889 747 3951 καί
779 3882 902 3972 ιιόρτος
929 3883 1078 3970 ἄριστοι,
1109 3886 1142 3951 id
1162 3886 1219 3951 illo

155 3993 222 4057 1000
244 3991 422 4058 asoaoone
444 3995 490 4060 sa
510 3996 665 4059 uanam:
678 3973 835 4058 ‘Krasos
858 3992 923 4079 γάρ
947 3988 968 4078 ἠ
989 3996 1055 4077 μιν
1077 3985 1217 4077 ‘Aenos

158 4093 241 4164 κατοί
266 4091 327 4163 τόο
352 4093 515 4183 Σωτόὀηιι
538 4101 582 4187 τῷ
606 4102 758 4184 Νέστορί
778 4094 840 4165 triv
861 4103 926 4184 μὲν
948 4100 1148 4184 Τηλέμαχον
1170 4102 1219 4169 τίς
