<?xml version="1.0" encoding="UTF-8"?>
<!DOCTYPE html PUBLIC "-//W3C//DTD XHTML 1.0 Transitional//EN"
    "http://www.w3.org/TR/xhtml1/DTD/xhtml1-transitional.dtd">
<html xmlns="http://www.w3.org/1999/xhtml" xml:lang="en" lang="en">
 <head>
  <title>
</title>
<meta http-equiv="Content-Type" content="text/html;charset=utf-8" />
  <meta name='ocr-system' content='tesseract 3.04.00' />
  <meta name='ocr-capabilities' content='ocr_page ocr_carea ocr_par ocr_line ocrx_word'/>
</head>
<body>
  <div class='ocr_page' id='page_1' title='image "./adversariacriti00madvgoog_0638.png"; bbox 0 0 2580 4530; ppageno 0'>
   <div class='ocr_carea' id='block_1_1' title="bbox 606 254 1139 319">
    <p class='ocr_par' dir='ltr' id='par_1_1' title="bbox 606 254 1139 319">
     <span class='ocr_line' id='line_1_1' title="bbox 606 254 1139 319; baseline 0.017 -11"><span class='ocrx_word' id='word_1_1' title='bbox 606 254 665 310; x_wconf 86' lang='lat' dir='ltr'><strong>Lib.</strong></span> <span class='ocrx_word' id='word_1_2' title='bbox 684 255 717 312; x_wconf 83' lang='lat' dir='ltr'>V.</span> <span class='ocrx_word' id='word_1_3' title='bbox 1079 256 1139 319; x_wconf 76' lang='lat'>621</span> 
     </span>
    </p>
   </div>
   <div class='ocr_carea' id='block_1_2' title="bbox 105 445 1186 4146">
    <p class='ocr_par' dir='ltr' id='par_1_2' title="bbox 116 445 1186 2655">
     <span class='ocr_line' id='line_1_2' title="bbox 122 445 1183 542; baseline 0.005 -26"><span class='ocrx_word' id='word_1_4' title='bbox 122 453 287 538; x_wconf 74' lang='grc' dir='ltr'><strong><em>Πρίαμος</em></strong></span> <span class='ocrx_word' id='word_1_5' title='bbox 304 445 420 526; x_wconf 61' lang='lat' dir='ltr'>eaeor,</span> <span class='ocrx_word' id='word_1_6' title='bbox 444 457 475 518; x_wconf 83' lang='grc' dir='ltr'><strong><em>εἰ</em></strong></span> <span class='ocrx_word' id='word_1_7' title='bbox 491 445 777 538; x_wconf 70' lang='grc' dir='ltr'>προετελεύτησεν</span> <span class='ocrx_word' id='word_1_8' title='bbox 793 461 841 520; x_wconf 77' lang='grc' dir='ltr'>ἔνι</span> <span class='ocrx_word' id='word_1_9' title='bbox 857 447 1074 539; x_wconf 71' lang='grc' dir='ltr'><strong><em>οἷνμαζούοης</em></strong></span> <span class='ocrx_word' id='word_1_10' title='bbox 1094 450 1183 542; x_wconf 76' lang='grc' dir='ltr'>αὐτῷ</span> 
     </span>
     <span class='ocr_line' id='line_1_3' title="bbox 120 551 1186 648; baseline 0.001 -23"><span class='ocrx_word' id='word_1_11' title='bbox 120 561 185 645; x_wconf 78' lang='grc' dir='ltr'>τῆς</span> <span class='ocrx_word' id='word_1_12' title='bbox 199 562 378 645; x_wconf 78' lang='grc' dir='ltr'><strong><em>βασιλείας</em></strong></span> <span class='ocrx_word' id='word_1_13' title='bbox 394 561 448 625; x_wconf 82' lang='grc' dir='ltr'>καὶ</span> <span class='ocrx_word' id='word_1_14' title='bbox 463 559 526 644; x_wconf 72' lang='grc' dir='ltr'>τῆς</span> <span class='ocrx_word' id='word_1_15' title='bbox 547 553 709 644; x_wconf 77' lang='grc' dir='ltr'>τοιαύτης</span> <span class='ocrx_word' id='word_1_16' title='bbox 726 554 833 648; x_wconf 76' lang='grc' dir='ltr'>,τύχης</span> <span class='ocrx_word' id='word_1_17' title='bbox 853 551 893 647; x_wconf 71' lang='grc' dir='ltr'>ἧς</span> <span class='ocrx_word' id='word_1_18' title='bbox 916 555 1067 647; x_wconf 76' lang='grc' dir='ltr'><strong><em>ἐθρήνει.</em></strong></span> <span class='ocrx_word' id='word_1_19' title='bbox 1100 561 1186 627; x_wconf 88' lang='lat' dir='ltr'>Nihil</span> 
     </span>
     <span class='ocr_line' id='line_1_4' title="bbox 124 665 1184 752; baseline -0.001 -20"><span class='ocrx_word' id='word_1_20' title='bbox 124 667 166 732; x_wconf 87' lang='lat' dir='ltr'>ad</span> <span class='ocrx_word' id='word_1_21' title='bbox 188 667 286 732; x_wconf 83' lang='lat' dir='ltr'>Troili</span> <span class='ocrx_word' id='word_1_22' title='bbox 307 671 339 733; x_wconf 92' lang='lat' dir='ltr'>et</span> <span class='ocrx_word' id='word_1_23' title='bbox 360 667 476 732; x_wconf 86' lang='lat' dir='ltr'>Priami</span> <span class='ocrx_word' id='word_1_24' title='bbox 511 665 769 748; x_wconf 79' lang='lat' dir='ltr'>comparationem</span> <span class='ocrx_word' id='word_1_25' title='bbox 804 667 858 749; x_wconf 88' lang='lat' dir='ltr'>(de</span> <span class='ocrx_word' id='word_1_26' title='bbox 880 688 940 752; x_wconf 89' lang='lat' dir='ltr'>qna</span> <span class='ocrx_word' id='word_1_27' title='bbox 958 667 1184 734; x_wconf 84' lang='lat' dir='ltr'>a-Oallimaoho</span> 
     </span>
     <span class='ocr_line' id='line_1_5' title="bbox 120 771 1182 856; baseline 0 -18"><span class='ocrx_word' id='word_1_28' title='bbox 120 776 248 856; x_wconf 87' lang='lat' dir='ltr'>sumpta</span> <span class='ocrx_word' id='word_1_29' title='bbox 282 772 387 838; x_wconf 85' lang='lat' dir='ltr'>Cioero</span> <span class='ocrx_word' id='word_1_30' title='bbox 418 773 509 838; x_wconf 83' lang='grc' dir='ltr'><strong><em>Ταεο.</em></strong></span> <span class='ocrx_word' id='word_1_31' title='bbox 537 773 560 846; x_wconf 87' lang='grc' dir='ltr'>Ι,</span> <span class='ocrx_word' id='word_1_32' title='bbox 595 771 647 850; x_wconf 80' lang='grc'>93)</span> <span class='ocrx_word' id='word_1_33' title='bbox 686 772 819 855; x_wconf 76' lang='lat' dir='ltr'>pertinet</span> <span class='ocrx_word' id='word_1_34' title='bbox 854 772 997 839; x_wconf 81' lang='lat' dir='ltr'>adiuncta</span> <span class='ocrx_word' id='word_1_35' title='bbox 1029 773 1182 849; x_wconf 84' lang='lat' dir='ltr'>eondioio;</span> 
     </span>
     <span class='ocr_line' id='line_1_6' title="bbox 122 865 1184 962; baseline 0.003 -20"><span class='ocrx_word' id='word_1_36' title='bbox 122 879 227 944; x_wconf 89' lang='lat' dir='ltr'>inania</span> <span class='ocrx_word' id='word_1_37' title='bbox 249 880 280 945; x_wconf 94' lang='lat' dir='ltr'>et</span> <span class='ocrx_word' id='word_1_38' title='bbox 301 897 444 962; x_wconf 77' lang='lat' dir='ltr'>perversa</span> <span class='ocrx_word' id='word_1_39' title='bbox 463 877 519 943; x_wconf 89' lang='lat' dir='ltr'>illa</span> <span class='ocrx_word' id='word_1_40' title='bbox 547 865 586 960; x_wconf 79' lang='grc' dir='ltr'>ἧς</span> <span class='ocrx_word' id='word_1_41' title='bbox 617 873 767 960; x_wconf 75' lang='grc' dir='ltr'>ἐθρήνει.</span> <span class='ocrx_word' id='word_1_42' title='bbox 822 878 1037 944; x_wconf 72' lang='lat' dir='ltr'>scribendum:</span> <span class='ocrx_word' id='word_1_43' title='bbox 1072 883 1184 946; x_wconf 85' lang='grc' dir='ltr'><strong><em>Μεῑον</em></strong></span> 
     </span>
     <span class='ocr_line' id='line_1_7' title="bbox 120 975 1185 1070; baseline 0 -20"><span class='ocrx_word' id='word_1_44' title='bbox 120 980 187 1070; x_wconf 76' lang='grc' dir='ltr'>γοίρ</span> <span class='ocrx_word' id='word_1_45' title='bbox 200 982 306 1059; x_wconf 79' lang='grc' dir='ltr'><strong><em>ὄντας</em></strong></span> <span class='ocrx_word' id='word_1_46' title='bbox 323 987 472 1068; x_wconf 81' lang='grc' dir='ltr'><strong><em>Τρωΐλος</em></strong></span> <span class='ocrx_word' id='word_1_47' title='bbox 484 975 667 1067; x_wconf 74' lang='grc' dir='ltr'><strong><em>ἐιλοέιιρνοεν</em></strong></span> <span class='ocrx_word' id='word_1_48' title='bbox 679 978 703 1068; x_wconf 73' lang='grc' dir='ltr'><em>ἢ</em></span> <span class='ocrx_word' id='word_1_49' title='bbox 715 986 898 1070; x_wconf 68' lang='grc' dir='ltr'>Πρίαμος,</span> <span class='ocrx_word' id='word_1_50' title='bbox 911 1011 955 1051; x_wconf 81' lang='grc' dir='ltr'>να</span> <span class='ocrx_word' id='word_1_51' title='bbox 964 986 1074 1068; x_wconf 77' lang='grc' dir='ltr'><strong><em>λ’Πρί</em></strong></span> <span class='ocrx_word' id='word_1_52' title='bbox 1082 1010 1185 1069; x_wconf 72' lang='grc' dir='ltr'><strong><em>αριος</em></strong></span> 
     </span>
     <span class='ocr_line' id='line_1_8' title="bbox 120 1079 1182 1178; baseline 0.002 -22"><span class='ocrx_word' id='word_1_53' title='bbox 120 1085 238 1167; x_wconf 68' lang='grc' dir='ltr'>αὐτός,</span> <span class='ocrx_word' id='word_1_54' title='bbox 265 1098 295 1158; x_wconf 82' lang='grc' dir='ltr'><strong><em>εἲ</em></strong></span> <span class='ocrx_word' id='word_1_55' title='bbox 318 1079 605 1176; x_wconf 73' lang='grc' dir='ltr'><strong><em>προετελεύτησεν</em></strong></span> <span class='ocrx_word' id='word_1_56' title='bbox 627 1098 675 1156; x_wconf 82' lang='grc' dir='ltr'><strong><em>ε”τι</em></strong></span> <span class='ocrx_word' id='word_1_57' title='bbox 697 1083 778 1176; x_wconf 68' lang='lat' dir='ltr'>einp.</span> <span class='ocrx_word' id='word_1_58' title='bbox 791 1085 845 1158; x_wconf 74' lang='grc' dir='ltr'>αὖ.</span> <span class='ocrx_word' id='word_1_59' title='bbox 858 1118 886 1157; x_wconf 80' lang='grc' dir='ltr'>ν.</span> <span class='ocrx_word' id='word_1_60' title='bbox 898 1095 932 1178; x_wconf 73' lang='grc' dir='ltr'>β.</span> <span class='ocrx_word' id='word_1_61' title='bbox 947 1116 975 1157; x_wconf 88' lang='grc' dir='ltr'>ιι.</span> <span class='ocrx_word' id='word_1_62' title='bbox 987 1118 1014 1157; x_wconf 79' lang='grc' dir='ltr'>ν.</span> <span class='ocrx_word' id='word_1_63' title='bbox 1027 1118 1055 1158; x_wconf 80' lang='grc' dir='ltr'>τ.</span> <span class='ocrx_word' id='word_1_64' title='bbox 1069 1087 1182 1178; x_wconf 68' lang='grc' dir='ltr'>τύχης,</span> 
     </span>
     <span class='ocr_line' id='line_1_9' title="bbox 120 1188 1180 1283; baseline 0 -19"><span class='ocrx_word' id='word_1_65' title='bbox 120 1188 256 1283; x_wconf 80' lang='grc' dir='ltr'><strong><em>ἧσσον</em></strong></span> <span class='ocrx_word' id='word_1_66' title='bbox 277 1193 330 1264; x_wconf 70' lang='grc' dir='ltr'>ἄν</span> <span class='ocrx_word' id='word_1_67' title='bbox 352 1191 505 1283; x_wconf 81' lang='grc' dir='ltr'><strong><em>ἐθρήνει,</em></strong></span> <span class='ocrx_word' id='word_1_68' title='bbox 528 1194 581 1263; x_wconf 84' lang='grc' dir='ltr'>οἶα</span> <span class='ocrx_word' id='word_1_69' title='bbox 604 1198 691 1283; x_wconf 73' lang='grc' dir='ltr'><strong><em>γοῦν</em></strong></span> <span class='ocrx_word' id='word_1_70' title='bbox 713 1223 741 1262; x_wconf 85' lang='grc' dir='ltr'>κ.</span> <span class='ocrx_word' id='word_1_71' title='bbox 763 1224 794 1265; x_wconf 82' lang='grc' dir='ltr'>τ.</span> <span class='ocrx_word' id='word_1_72' title='bbox 813 1201 842 1265; x_wconf 85' lang='grc' dir='ltr'>λ.</span> <span class='ocrx_word' id='word_1_73' title='bbox 887 1199 1046 1264; x_wconf 79' lang='lat' dir='ltr'>Priamum</span> <span class='ocrx_word' id='word_1_74' title='bbox 1068 1199 1180 1280; x_wconf 79' lang='lat' dir='ltr'>ipsum,</span> 
     </span>
     <span class='ocr_line' id='line_1_10' title="bbox 119 1303 1180 1393; baseline 0.001 -24"><span class='ocrx_word' id='word_1_75' title='bbox 119 1305 147 1369; x_wconf 87' lang='lat' dir='ltr'>si</span> <span class='ocrx_word' id='word_1_76' title='bbox 169 1307 274 1370; x_wconf 82' lang='lat' dir='ltr'>stante</span> <span class='ocrx_word' id='word_1_77' title='bbox 298 1305 420 1370; x_wconf 87' lang='lat' dir='ltr'>fortuna</span> <span class='ocrx_word' id='word_1_78' title='bbox 443 1303 530 1389; x_wconf 85' lang='lat' dir='ltr'>regni</span> <span class='ocrx_word' id='word_1_79' title='bbox 558 1305 696 1370; x_wconf 87' lang='lat' dir='ltr'>mortuns</span> <span class='ocrx_word' id='word_1_80' title='bbox 729 1307 828 1393; x_wconf 81' lang='lat' dir='ltr'>esset,</span> <span class='ocrx_word' id='word_1_81' title='bbox 864 1305 965 1369; x_wconf 85' lang='lat' dir='ltr'>minus</span> <span class='ocrx_word' id='word_1_82' title='bbox 992 1303 1180 1386; x_wconf 82' lang='lat' dir='ltr'>ploratorum</span> 
     </span>
     <span class='ocr_line' id='line_1_11' title="bbox 118 1409 1181 1495; baseline 0 -21"><span class='ocrx_word' id='word_1_83' title='bbox 118 1410 216 1476; x_wconf 85' lang='lat' dir='ltr'>fnisse</span> <span class='ocrx_word' id='word_1_84' title='bbox 238 1410 322 1489; x_wconf 77' lang='lat' dir='ltr'>dicit,</span> <span class='ocrx_word' id='word_1_85' title='bbox 344 1411 446 1495; x_wconf 86' lang='lat' dir='ltr'>qualia</span> <span class='ocrx_word' id='word_1_86' title='bbox 468 1430 549 1474; x_wconf 88' lang='lat' dir='ltr'>nuno</span> <span class='ocrx_word' id='word_1_87' title='bbox 570 1411 781 1493; x_wconf 80' lang='lat' dir='ltr'>deplorantem</span> <span class='ocrx_word' id='word_1_88' title='bbox 806 1409 887 1493; x_wconf 84' lang='lat' dir='ltr'>apud</span> <span class='ocrx_word' id='word_1_89' title='bbox 902 1411 1072 1474; x_wconf 86' lang='lat' dir='ltr'>Homerum</span> <span class='ocrx_word' id='word_1_90' title='bbox 1093 1411 1181 1475; x_wconf 87' lang='lat' dir='ltr'>audi·</span> 
     </span>
     <span class='ocr_line' id='line_1_12' title="bbox 118 1508 1182 1600; baseline 0 -20"><span class='ocrx_word' id='word_1_91' title='bbox 118 1536 202 1581; x_wconf 85' lang='lat' dir='ltr'>mus.</span> <span class='ocrx_word' id='word_1_92' title='bbox 246 1517 430 1600; x_wconf 85' lang='lat' dir='ltr'>Frequentia</span> <span class='ocrx_word' id='word_1_93' title='bbox 447 1508 521 1581; x_wconf 86' lang='lat' dir='ltr'>sunt</span> <span class='ocrx_word' id='word_1_94' title='bbox 541 1517 574 1580; x_wconf 94' lang='lat' dir='ltr'>in</span> <span class='ocrx_word' id='word_1_95' title='bbox 594 1518 643 1582; x_wconf 88' lang='lat' dir='ltr'>his</span> <span class='ocrx_word' id='word_1_96' title='bbox 662 1517 821 1583; x_wconf 78' lang='lat' dir='ltr'>Plutarchi</span> <span class='ocrx_word' id='word_1_97' title='bbox 842 1516 963 1599; x_wconf 83' lang='lat' dir='ltr'>seriptis</span> <span class='ocrx_word' id='word_1_98' title='bbox 984 1517 1074 1581; x_wconf 88' lang='lat' dir='ltr'>huius</span> <span class='ocrx_word' id='word_1_99' title='bbox 1095 1536 1182 1582; x_wconf 91' lang='lat' dir='ltr'>men·</span> 
     </span>
     <span class='ocr_line' id='line_1_13' title="bbox 118 1621 1181 1706; baseline 0.001 -20"><span class='ocrx_word' id='word_1_100' title='bbox 118 1621 228 1686; x_wconf 88' lang='lat' dir='ltr'>dorum</span> <span class='ocrx_word' id='word_1_101' title='bbox 255 1623 390 1705; x_wconf 84' lang='lat' dir='ltr'>generis,</span> <span class='ocrx_word' id='word_1_102' title='bbox 430 1621 468 1686; x_wconf 87' lang='lat' dir='ltr'>de</span> <span class='ocrx_word' id='word_1_103' title='bbox 502 1640 561 1705; x_wconf 90' lang='lat' dir='ltr'>quo</span> <span class='ocrx_word' id='word_1_104' title='bbox 595 1623 656 1686; x_wconf 85' lang='lat' dir='ltr'>dixi</span> <span class='ocrx_word' id='word_1_105' title='bbox 677 1642 769 1705; x_wconf 86' lang='lat' dir='ltr'>supra</span> <span class='ocrx_word' id='word_1_106' title='bbox 800 1643 830 1706; x_wconf 91' lang='lat' dir='ltr'>p.</span> <span class='ocrx_word' id='word_1_107' title='bbox 852 1623 893 1685; x_wconf 93' lang='grc'>42</span> <span class='ocrx_word' id='word_1_108' title='bbox 915 1642 997 1705; x_wconf 77' lang='lat' dir='ltr'><strong>sqq.‚</strong></span> <span class='ocrx_word' id='word_1_109' title='bbox 1034 1623 1181 1706; x_wconf 83' lang='lat' dir='ltr'>exempla,</span> 
     </span>
     <span class='ocr_line' id='line_1_14' title="bbox 118 1714 1180 1812; baseline 0.002 -20"><span class='ocrx_word' id='word_1_110' title='bbox 118 1746 218 1811; x_wconf 89' lang='lat' dir='ltr'>pauoa</span> <span class='ocrx_word' id='word_1_111' title='bbox 240 1729 279 1793; x_wconf 89' lang='lat' dir='ltr'>ab</span> <span class='ocrx_word' id='word_1_112' title='bbox 300 1728 381 1805; x_wconf 78' lang='lat' dir='ltr'>aliis,</span> <span class='ocrx_word' id='word_1_113' title='bbox 403 1729 491 1812; x_wconf 90' lang='lat' dir='ltr'>plura</span> <span class='ocrx_word' id='word_1_114' title='bbox 512 1748 531 1794; x_wconf 89' lang='lat' dir='ltr'>a</span> <span class='ocrx_word' id='word_1_115' title='bbox 552 1748 603 1793; x_wconf 91' lang='lat' dir='ltr'>me</span> <span class='ocrx_word' id='word_1_116' title='bbox 624 1728 690 1810; x_wconf 85' lang='lat' dir='ltr'>ipso</span> <span class='ocrx_word' id='word_1_117' title='bbox 712 1729 941 1803; x_wconf 84' lang='lat' dir='ltr'>animadversa;</span> <span class='ocrx_word' id='word_1_118' title='bbox 963 1714 1180 1812; x_wconf 77' lang='lat' dir='ltr'>vid.pr&#39;aeoept.</span> 
     </span>
     <span class='ocr_line' id='line_1_15' title="bbox 117 1833 1180 1918; baseline 0.001 -19"><span class='ocrx_word' id='word_1_119' title='bbox 117 1835 238 1918; x_wconf 79' lang='lat' dir='ltr'>ooniug.</span> <span class='ocrx_word' id='word_1_120' title='bbox 257 1852 283 1899; x_wconf 89' lang='grc' dir='ltr'>ο.</span> <span class='ocrx_word' id='word_1_121' title='bbox 292 1835 331 1896; x_wconf 87' lang='grc'>25</span> <span class='ocrx_word' id='word_1_122' title='bbox 355 1834 685 1918; x_wconf 80' lang='lat' dir='ltr'>(ubiWyttenbaahius</span> <span class='ocrx_word' id='word_1_123' title='bbox 707 1833 740 1897; x_wconf 93' lang='lat' dir='ltr'>in</span> <span class='ocrx_word' id='word_1_124' title='bbox 761 1833 1074 1903; x_wconf 82' lang='lat' dir='ltr'>animadversionibus</span> <span class='ocrx_word' id='word_1_125' title='bbox 1097 1835 1180 1900; x_wconf 86' lang='lat' dir='ltr'>idem</span> 
     </span>
     <span class='ocr_line' id='line_1_16' title="bbox 118 1935 1180 2029; baseline 0.002 -24"><span class='ocrx_word' id='word_1_126' title='bbox 118 1940 262 2005; x_wconf 87' lang='lat' dir='ltr'>omnibus</span> <span class='ocrx_word' id='word_1_127' title='bbox 283 1939 395 2004; x_wconf 84' lang='lat' dir='ltr'>litteris</span> <span class='ocrx_word' id='word_1_128' title='bbox 418 1940 531 2023; x_wconf 82' lang='lat' dir='ltr'>posuit,</span> <span class='ocrx_word' id='word_1_129' title='bbox 552 1940 585 2003; x_wconf 94' lang='lat' dir='ltr'>in</span> <span class='ocrx_word' id='word_1_130' title='bbox 600 1940 680 2023; x_wconf 87' lang='lat' dir='ltr'>qnod</span> <span class='ocrx_word' id='word_1_131' title='bbox 694 1940 759 2023; x_wconf 87' lang='lat' dir='ltr'>ipse</span> <span class='ocrx_word' id='word_1_132' title='bbox 774 1939 883 2005; x_wconf 84' lang='lat' dir='ltr'>inoidi:</span> <span class='ocrx_word' id='word_1_133' title='bbox 906 1941 949 2029; x_wconf 78' lang='grc' dir='ltr'>τῇ</span> <span class='ocrx_word' id='word_1_134' title='bbox 974 1935 1039 2024; x_wconf 78' lang='grc' dir='ltr'>γοῖρ</span> <span class='ocrx_word' id='word_1_135' title='bbox 1062 1943 1180 2028; x_wconf 80' lang='grc' dir='ltr'><strong><em>αιόχρᾷ</em></strong></span> 
     </span>
     <span class='ocr_line' id='line_1_17' title="bbox 118 2036 1178 2133; baseline 0 -20"><span class='ocrx_word' id='word_1_136' title='bbox 118 2042 263 2129; x_wconf 80' lang='grc' dir='ltr'><strong><em>οεμνόν,</em></strong></span> <span class='ocrx_word' id='word_1_137' title='bbox 286 2050 317 2111; x_wconf 86' lang='grc' dir='ltr'><strong><em>εἰ</em></strong></span> <span class='ocrx_word' id='word_1_138' title='bbox 340 2047 486 2130; x_wconf 79' lang='grc' dir='ltr'><strong><em>φιλεῖται</em></strong></span> <span class='ocrx_word' id='word_1_139' title='bbox 510 2039 563 2111; x_wconf 80' lang='grc' dir='ltr'>ιλιοῖ</span> <span class='ocrx_word' id='word_1_140' title='bbox 587 2040 625 2111; x_wconf 78' lang='grc' dir='ltr'>νδ</span> <span class='ocrx_word' id='word_1_141' title='bbox 648 2036 751 2129; x_wconf 71' lang='grc' dir='ltr'><strong><em>ἦθος,</em></strong></span> <span class='ocrx_word' id='word_1_142' title='bbox 780 2045 827 2133; x_wconf 72' lang='grc' dir='ltr'>τῇ</span> <span class='ocrx_word' id='word_1_143' title='bbox 853 2046 892 2112; x_wconf 79' lang='grc' dir='ltr'>δὲ</span> <span class='ocrx_word' id='word_1_144' title='bbox 915 2048 1029 2133; x_wconf 74' lang='grc' dir='ltr'><strong><em>καλῇ,</em></strong></span> <span class='ocrx_word' id='word_1_145' title='bbox 1052 2052 1092 2112; x_wconf 87' lang='grc' dir='ltr'><strong><em>εἰ</em></strong></span> <span class='ocrx_word' id='word_1_146' title='bbox 1114 2043 1178 2117; x_wconf 71' lang='grc' dir='ltr'>δια</span> 
     </span>
     <span class='ocr_line' id='line_1_18' title="bbox 117 2143 1180 2241; baseline -0.005 -23"><span class='ocrx_word' id='word_1_147' title='bbox 117 2147 161 2218; x_wconf 62' lang='grc' dir='ltr'>ἰα’</span> <span class='ocrx_word' id='word_1_148' title='bbox 196 2143 307 2236; x_wconf 76' lang='grc' dir='ltr'><strong><em>ἦθος</em></strong></span> <span class='ocrx_word' id='word_1_149' title='bbox 337 2152 473 2236; x_wconf 76' lang='grc' dir='ltr'><strong><em>μᾶλλον</em></strong></span> <span class='ocrx_word' id='word_1_150' title='bbox 494 2144 516 2234; x_wconf 79' lang='grc' dir='ltr'><em>ἢ</em></span> <span class='ocrx_word' id='word_1_151' title='bbox 539 2147 578 2216; x_wconf 71' lang='grc' dir='ltr'>ια’</span> <span class='ocrx_word' id='word_1_152' title='bbox 602 2144 744 2231; x_wconf 73' lang='grc' dir='ltr'>καλλος),</span> <span class='ocrx_word' id='word_1_153' title='bbox 767 2153 805 2218; x_wconf 82' lang='lat' dir='ltr'>de</span> <span class='ocrx_word' id='word_1_154' title='bbox 827 2153 984 2235; x_wconf 76' lang='lat' dir='ltr'>superstit.</span> <span class='ocrx_word' id='word_1_155' title='bbox 1007 2173 1032 2218; x_wconf 85' lang='lat' dir='ltr'>c.</span> <span class='ocrx_word' id='word_1_156' title='bbox 1053 2153 1107 2228; x_wconf 95' lang='grc'>11,</span> <span class='ocrx_word' id='word_1_157' title='bbox 1143 2155 1180 2241; x_wconf 70' lang='lat' dir='ltr'>da</span> 
     </span>
     <span class='ocr_line' id='line_1_19' title="bbox 118 2255 1180 2344; baseline -0.001 -19"><span class='ocrx_word' id='word_1_158' title='bbox 118 2260 197 2344; x_wconf 88' lang='lat' dir='ltr'>glor.</span> <span class='ocrx_word' id='word_1_159' title='bbox 219 2259 331 2323; x_wconf 88' lang='lat' dir='ltr'>Athen.</span> <span class='ocrx_word' id='word_1_160' title='bbox 345 2276 372 2322; x_wconf 87' lang='lat' dir='ltr'>o.</span> <span class='ocrx_word' id='word_1_161' title='bbox 383 2257 412 2335; x_wconf 87' lang='grc'>3,</span> <span class='ocrx_word' id='word_1_162' title='bbox 436 2258 474 2322; x_wconf 89' lang='lat' dir='ltr'>de</span> <span class='ocrx_word' id='word_1_163' title='bbox 496 2258 578 2322; x_wconf 84' lang='lat' dir='ltr'>Iside</span> <span class='ocrx_word' id='word_1_164' title='bbox 599 2255 633 2323; x_wconf 89' lang='lat' dir='ltr'>et</span> <span class='ocrx_word' id='word_1_165' title='bbox 652 2257 732 2324; x_wconf 88' lang='lat' dir='ltr'>Osir.</span> <span class='ocrx_word' id='word_1_166' title='bbox 756 2277 781 2324; x_wconf 88' lang='grc' dir='ltr'>ο.</span> <span class='ocrx_word' id='word_1_167' title='bbox 799 2258 845 2336; x_wconf 79' lang='grc'>17,</span> <span class='ocrx_word' id='word_1_168' title='bbox 868 2259 905 2323; x_wconf 86' lang='lat' dir='ltr'>de</span> <span class='ocrx_word' id='word_1_169' title='bbox 927 2257 986 2325; x_wconf 84' lang='lat' dir='ltr'>def.</span> <span class='ocrx_word' id='word_1_170' title='bbox 1009 2278 1089 2326; x_wconf 86' lang='lat' dir='ltr'>orao.</span> <span class='ocrx_word' id='word_1_171' title='bbox 1111 2280 1138 2326; x_wconf 87' lang='grc' dir='ltr'>ο.</span> <span class='ocrx_word' id='word_1_172' title='bbox 1150 2262 1180 2341; x_wconf 86' lang='grc'>3,</span> 
     </span>
     <span class='ocr_line' id='line_1_20' title="bbox 116 2363 1180 2447; baseline -0.001 -17"><span class='ocrx_word' id='word_1_173' title='bbox 116 2367 188 2430; x_wconf 81' lang='lat' dir='ltr'>virt.</span> <span class='ocrx_word' id='word_1_174' title='bbox 221 2363 321 2428; x_wconf 88' lang='lat' dir='ltr'>dooeri</span> <span class='ocrx_word' id='word_1_175' title='bbox 350 2382 437 2447; x_wconf 85' lang='lat' dir='ltr'>posse</span> <span class='ocrx_word' id='word_1_176' title='bbox 459 2384 484 2429; x_wconf 88' lang='lat' dir='ltr'>o.</span> <span class='ocrx_word' id='word_1_177' title='bbox 502 2363 540 2441; x_wconf 84' lang='grc'>3,</span> <span class='ocrx_word' id='word_1_178' title='bbox 564 2365 684 2446; x_wconf 86' lang='lat' dir='ltr'>quaeett.</span> <span class='ocrx_word' id='word_1_179' title='bbox 707 2382 793 2429; x_wconf 88' lang='lat' dir='ltr'>oonv.</span> <span class='ocrx_word' id='word_1_180' title='bbox 814 2365 874 2442; x_wconf 83' lang='lat' dir='ltr'>VI,</span> <span class='ocrx_word' id='word_1_181' title='bbox 896 2364 926 2442; x_wconf 85' lang='lat'>3,</span> <span class='ocrx_word' id='word_1_182' title='bbox 952 2368 980 2442; x_wconf 85' lang='lat' dir='ltr'>l,</span> <span class='ocrx_word' id='word_1_183' title='bbox 1002 2365 1036 2443; x_wconf 83' lang='lat'>3,</span> <span class='ocrx_word' id='word_1_184' title='bbox 1058 2367 1129 2440; x_wconf 89' lang='lat' dir='ltr'>VII,</span> <span class='ocrx_word' id='word_1_185' title='bbox 1150 2368 1180 2446; x_wconf 83' lang='lat'>8,</span> 
     </span>
     <span class='ocr_line' id='line_1_21' title="bbox 116 2468 1178 2553; baseline 0.004 -21"><span class='ocrx_word' id='word_1_186' title='bbox 116 2473 145 2544; x_wconf 85' lang='lat'>4,</span> <span class='ocrx_word' id='word_1_187' title='bbox 167 2471 200 2547; x_wconf 80' lang='grc'>9,</span> <span class='ocrx_word' id='word_1_188' title='bbox 221 2470 278 2548; x_wconf 89' lang='grc' dir='ltr'>ΙΧ,</span> <span class='ocrx_word' id='word_1_189' title='bbox 300 2472 330 2547; x_wconf 84' lang='grc'>3,</span> <span class='ocrx_word' id='word_1_190' title='bbox 356 2471 385 2547; x_wconf 90' lang='grc'>2,</span> <span class='ocrx_word' id='word_1_191' title='bbox 407 2475 437 2543; x_wconf 89' lang='grc'>4,</span> <span class='ocrx_word' id='word_1_192' title='bbox 460 2469 497 2534; x_wconf 90' lang='lat' dir='ltr'>de</span> <span class='ocrx_word' id='word_1_193' title='bbox 520 2468 615 2534; x_wconf 87' lang='lat' dir='ltr'>Stoio.</span> <span class='ocrx_word' id='word_1_194' title='bbox 635 2489 762 2553; x_wconf 85' lang='lat' dir='ltr'>repngn.</span> <span class='ocrx_word' id='word_1_195' title='bbox 785 2489 811 2535; x_wconf 85' lang='lat' dir='ltr'>o.</span> <span class='ocrx_word' id='word_1_196' title='bbox 824 2472 873 2549; x_wconf 83' lang='grc'>25,</span> <span class='ocrx_word' id='word_1_197' title='bbox 896 2474 922 2546; x_wconf 87' lang='lat'>1,</span> <span class='ocrx_word' id='word_1_198' title='bbox 945 2471 1013 2538; x_wconf 83' lang='lat' dir='ltr'>adv.</span> <span class='ocrx_word' id='word_1_199' title='bbox 1036 2471 1129 2538; x_wconf 85' lang='lat' dir='ltr'>Stoio.</span> <span class='ocrx_word' id='word_1_200' title='bbox 1153 2492 1178 2538; x_wconf 89' lang='lat' dir='ltr'>o.</span> 
     </span>
     <span class='ocr_line' id='line_1_22' title="bbox 116 2573 884 2655; baseline -0.003 -17"><span class='ocrx_word' id='word_1_201' title='bbox 116 2577 169 2650; x_wconf 85' lang='grc'>35,</span> <span class='ocrx_word' id='word_1_202' title='bbox 191 2579 212 2638; x_wconf 89' lang='grc'>4</span> <span class='ocrx_word' id='word_1_203' title='bbox 234 2577 267 2640; x_wconf 91' lang='lat' dir='ltr'>et</span> <span class='ocrx_word' id='word_1_204' title='bbox 288 2577 339 2653; x_wconf 89' lang='grc'>42,</span> <span class='ocrx_word' id='word_1_205' title='bbox 361 2577 391 2653; x_wconf 84' lang='grc'>5,</span> <span class='ocrx_word' id='word_1_206' title='bbox 416 2576 485 2640; x_wconf 86' lang='lat' dir='ltr'>adv.</span> <span class='ocrx_word' id='word_1_207' title='bbox 510 2573 605 2642; x_wconf 83' lang='lat' dir='ltr'>Colot.</span> <span class='ocrx_word' id='word_1_208' title='bbox 630 2595 664 2655; x_wconf 87' lang='lat' dir='ltr'>o.¹</span> <span class='ocrx_word' id='word_1_209' title='bbox 680 2576 729 2654; x_wconf 87' lang='grc'>24,</span> <span class='ocrx_word' id='word_1_210' title='bbox 751 2577 781 2640; x_wconf 87' lang='grc'>4.</span> <span class='ocrx_word' id='word_1_211' title='bbox 879 2592 884 2601; x_wconf 71' lang='grc'><em>“</em></span> 
     </span>
    </p>

    <p class='ocr_par' dir='ltr' id='par_1_3' title="bbox 108 2674 1179 3827">
     <span class='ocr_line' id='line_1_23' title="bbox 218 2674 1179 2768; baseline 0.001 -23"><span class='ocrx_word' id='word_1_212' title='bbox 218 2681 283 2745; x_wconf 88' lang='lat' dir='ltr'><strong>Ibd.</strong></span> <span class='ocrx_word' id='word_1_213' title='bbox 307 2682 346 2742; x_wconf 89' lang='grc'>26</span> <span class='ocrx_word' id='word_1_214' title='bbox 368 2703 397 2764; x_wconf 89' lang='lat' dir='ltr'>p.</span> <span class='ocrx_word' id='word_1_215' title='bbox 421 2682 480 2743; x_wconf 87' lang='lat'>115</span> <span class='ocrx_word' id='word_1_216' title='bbox 502 2683 531 2745; x_wconf 89' lang='lat' dir='ltr'><strong>A</strong></span> <span class='ocrx_word' id='word_1_217' title='bbox 551 2681 645 2746; x_wconf 91' lang='lat' dir='ltr'>oratio</span> <span class='ocrx_word' id='word_1_218' title='bbox 667 2682 711 2746; x_wconf 87' lang='lat' dir='ltr'>sio</span> <span class='ocrx_word' id='word_1_219' title='bbox 732 2683 976 2768; x_wconf 85' lang='lat' dir='ltr'>interpungenda</span> <span class='ocrx_word' id='word_1_220' title='bbox 997 2683 1062 2746; x_wconf 86' lang='lat' dir='ltr'>est:</span> <span class='ocrx_word' id='word_1_221' title='bbox 1084 2674 1179 2752; x_wconf 84' lang='grc' dir='ltr'>Ἀλλ’</span> 
     </span>
     <span class='ocr_line' id='line_1_24' title="bbox 117 2779 1178 2874; baseline -0.003 -20"><span class='ocrx_word' id='word_1_222' title='bbox 117 2791 148 2854; x_wconf 84' lang='grc' dir='ltr'><strong><em>εἰ</em></strong></span> <span class='ocrx_word' id='word_1_223' title='bbox 171 2781 369 2874; x_wconf 71' lang='grc' dir='ltr'>λογίζοινθ’,</span> <span class='ocrx_word' id='word_1_224' title='bbox 393 2782 446 2852; x_wconf 85' lang='grc' dir='ltr'>ὅτι</span> <span class='ocrx_word' id='word_1_225' title='bbox 469 2779 650 2861; x_wconf 74' lang='grc' dir='ltr'><strong><em>παύσεται,</em></strong></span> <span class='ocrx_word' id='word_1_226' title='bbox 673 2788 765 2861; x_wconf 78' lang='grc' dir='ltr'><strong><em>οἰνος</em></strong></span> <span class='ocrx_word' id='word_1_227' title='bbox 784 2792 984 2874; x_wconf 75' lang='grc' dir='ltr'><strong><em>γενομένου,</em></strong></span> <span class='ocrx_word' id='word_1_228' title='bbox 1006 2810 1178 2870; x_wconf 81' lang='grc' dir='ltr'><strong><em>προσανα-</em></strong></span> 
     </span>
     <span class='ocr_line' id='line_1_25' title="bbox 115 2878 1176 2978; baseline -0.001 -19"><span class='ocrx_word' id='word_1_229' title='bbox 115 2887 300 2978; x_wconf 75' lang='grc' dir='ltr'><strong><em>λογίοαινν’</em></strong></span> <span class='ocrx_word' id='word_1_230' title='bbox 329 2890 383 2958; x_wconf 76' lang='grc' dir='ltr'>ἄν.</span> <span class='ocrx_word' id='word_1_231' title='bbox 411 2878 414 2883; x_wconf 68' lang='lat'><em>,</em></span> <span class='ocrx_word' id='word_1_232' title='bbox 440 2886 582 2978; x_wconf 85' lang='grc' dir='ltr'><strong><em>Χρόνον</em></strong></span> <span class='ocrx_word' id='word_1_233' title='bbox 615 2886 753 2978; x_wconf 74' lang='grc' dir='ltr'>δηλαδή.</span> <span class='ocrx_word' id='word_1_234' title='bbox 802 2896 845 2961; x_wconf 80' lang='grc' dir='ltr'>Τι’</span> <span class='ocrx_word' id='word_1_235' title='bbox 878 2886 1101 2978; x_wconf 63' lang='grc' dir='ltr'><strong><em>ποιήσαντος,</em></strong></span> <span class='ocrx_word' id='word_1_236' title='bbox 1137 2889 1176 2958; x_wconf 75' lang='lat' dir='ltr'>ao</span> 
     </span>
     <span class='ocr_line' id='line_1_26' title="bbox 112 2993 1176 3086; baseline -0.003 -22"><span class='ocrx_word' id='word_1_237' title='bbox 112 3004 180 3083; x_wconf 74' lang='grc' dir='ltr'>μὲν</span> <span class='ocrx_word' id='word_1_238' title='bbox 206 2996 270 3086; x_wconf 81' lang='grc' dir='ltr'>γοῖρ</span> <span class='ocrx_word' id='word_1_239' title='bbox 303 3003 534 3085; x_wconf 70' lang='grc' dir='ltr'><strong><em>γεγενημένον</em></strong></span> <span class='ocrx_word' id='word_1_240' title='bbox 566 2993 644 3068; x_wconf 74' lang='grc' dir='ltr'>οὐδὲ</span> <span class='ocrx_word' id='word_1_241' title='bbox 677 3000 749 3084; x_wconf 73' lang='grc' dir='ltr'><strong><em>θεῷ</em></strong></span> <span class='ocrx_word' id='word_1_242' title='bbox 782 2993 929 3065; x_wconf 76' lang='grc' dir='ltr'><strong><em>δυνατόν</em></strong></span> <span class='ocrx_word' id='word_1_243' title='bbox 959 2994 1040 3064; x_wconf 70' lang='grc' dir='ltr'><strong><em>ἐστι’</em></strong></span> <span class='ocrx_word' id='word_1_244' title='bbox 1063 3011 1176 3064; x_wconf 75' lang='grc' dir='ltr'><strong><em>ποιεῖν</em></strong></span> 
     </span>
     <span class='ocr_line' id='line_1_27' title="bbox 113 3099 1175 3201; baseline -0.002 -29"><span class='ocrx_word' id='word_1_245' title='bbox 113 3102 295 3192; x_wconf 77' lang='grc' dir='ltr'><strong><em>α’γένιγτον·</em></strong></span> <span class='ocrx_word' id='word_1_246' title='bbox 321 3100 447 3173; x_wconf 76' lang='grc' dir='ltr'><strong><em>οιῙκούν</em></strong></span> <span class='ocrx_word' id='word_1_247' title='bbox 468 3103 506 3171; x_wconf 77' lang='lat' dir='ltr'>ao</span> <span class='ocrx_word' id='word_1_248' title='bbox 531 3107 595 3172; x_wconf 72' lang='grc' dir='ltr'>νῦν</span> <span class='ocrx_word' id='word_1_249' title='bbox 617 3099 697 3201; x_wconf 81' lang='grc' dir='ltr'><strong><em>παρ’</em></strong></span> <span class='ocrx_word' id='word_1_250' title='bbox 720 3106 840 3171; x_wconf 66' lang='lat' dir='ltr'>aroino</span> <span class='ocrx_word' id='word_1_251' title='bbox 863 3099 1111 3191; x_wconf 78' lang='grc' dir='ltr'><strong><em>συμβεβηκός.</em></strong></span> <span class='ocrx_word' id='word_1_252' title='bbox 1135 3150 1143 3169; x_wconf 88' lang='grc'><strong>.</strong></span> <span class='ocrx_word' id='word_1_253' title='bbox 1167 3153 1175 3170; x_wconf 91' lang='grc'><strong>.</strong></span> 
     </span>
     <span class='ocr_line' id='line_1_28' title="bbox 113 3202 1175 3300; baseline -0.006 -20"><span class='ocrx_word' id='word_1_254' title='bbox 113 3216 217 3291; x_wconf 79' lang='grc' dir='ltr'><strong><em>ἔδειξε</em></strong></span> <span class='ocrx_word' id='word_1_255' title='bbox 246 3209 371 3286; x_wconf 77' lang='grc' dir='ltr'><strong><em>εἰωθός</em></strong></span> <span class='ocrx_word' id='word_1_256' title='bbox 401 3214 478 3298; x_wconf 75' lang='grc' dir='ltr'><strong><em>περὶ</em></strong></span> <span class='ocrx_word' id='word_1_257' title='bbox 516 3207 665 3286; x_wconf 73' lang='grc' dir='ltr'><strong><em>πολλοὺς</em></strong></span> <span class='ocrx_word' id='word_1_258' title='bbox 696 3213 858 3300; x_wconf 86' lang='grc' dir='ltr'><strong><em>γίνεσθαι</em></strong></span> <span class='ocrx_word' id='word_1_259' title='bbox 890 3204 931 3278; x_wconf 73' lang='grc' dir='ltr'>δι’</span> <span class='ocrx_word' id='word_1_260' title='bbox 963 3202 1078 3275; x_wconf 71' lang='grc' dir='ltr'><strong><em>αὐτοῖν</em></strong></span> <span class='ocrx_word' id='word_1_261' title='bbox 1108 3210 1175 3275; x_wconf 73' lang='grc' dir='ltr'>τών</span> 
     </span>
     <span class='ocr_line' id='line_1_29' title="bbox 112 3314 1174 3407; baseline -0.008 -22"><span class='ocrx_word' id='word_1_262' title='bbox 112 3327 228 3407; x_wconf 81' lang='grc' dir='ltr'><strong><em>ἔργον.</em></strong></span> <span class='ocrx_word' id='word_1_263' title='bbox 262 3322 309 3399; x_wconf 89' lang='lat' dir='ltr'>(V.</span> <span class='ocrx_word' id='word_1_264' title='bbox 333 3320 433 3396; x_wconf 77' lang='grc' dir='ltr'><strong><em>ἔδειξε</em></strong></span> <span class='ocrx_word' id='word_1_265' title='bbox 454 3315 493 3384; x_wconf 73' lang='grc' dir='ltr'>τό</span> <span class='ocrx_word' id='word_1_266' title='bbox 518 3314 666 3398; x_wconf 81' lang='grc' dir='ltr'><strong><em>εἰωθός.)</em></strong></span> <span class='ocrx_word' id='word_1_267' title='bbox 700 3318 738 3383; x_wconf 76' lang='lat' dir='ltr'>Sa·</span> <span class='ocrx_word' id='word_1_268' title='bbox 761 3320 991 3390; x_wconf 78' lang='lat' dir='ltr'>conoidoraroat,</span> <span class='ocrx_word' id='word_1_269' title='bbox 1014 3314 1174 3377; x_wconf 76' lang='lat' dir='ltr'>desiturum</span> 
     </span>
     <span class='ocr_line' id='line_1_30' title="bbox 111 3421 1173 3514; baseline -0.004 -26"><span class='ocrx_word' id='word_1_270' title='bbox 111 3425 281 3511; x_wconf 80' lang='lat' dir='ltr'>aliquando</span> <span class='ocrx_word' id='word_1_271' title='bbox 298 3431 420 3501; x_wconf 80' lang='lat' dir='ltr'>tactum,</span> <span class='ocrx_word' id='word_1_272' title='bbox 441 3425 534 3488; x_wconf 81' lang='grc' dir='ltr'><strong><em>ειίααλ</em></strong></span> <span class='ocrx_word' id='word_1_273' title='bbox 547 3425 774 3501; x_wconf 77' lang='lat' dir='ltr'>considerarent,</span> <span class='ocrx_word' id='word_1_274' title='bbox 797 3446 856 3510; x_wconf 79' lang='lat' dir='ltr'>quo</span> <span class='ocrx_word' id='word_1_275' title='bbox 863 3425 952 3509; x_wconf 78' lang='lat' dir='ltr'>facto</span> <span class='ocrx_word' id='word_1_276' title='bbox 968 3421 1173 3514; x_wconf 73' lang='lat' dir='ltr'>(interpooito)</span> 
     </span>
     <span class='ocr_line' id='line_1_31' title="bbox 110 3518 1174 3622; baseline -0.005 -28"><span class='ocrx_word' id='word_1_277' title='bbox 110 3533 260 3595; x_wconf 80' lang='lat' dir='ltr'>deaiturue</span> <span class='ocrx_word' id='word_1_278' title='bbox 289 3542 369 3596; x_wconf 76' lang='lat' dir='ltr'>esset.</span> <span class='ocrx_word' id='word_1_279' title='bbox 421 3532 565 3616; x_wconf 77' lang='lat' dir='ltr'>Tempore</span> <span class='ocrx_word' id='word_1_280' title='bbox 598 3532 767 3622; x_wconf 28' lang='lat' dir='ltr'>mimirum..</span> <span class='ocrx_word' id='word_1_281' title='bbox 795 3518 899 3609; x_wconf 65' lang='lat' dir='ltr'>&#39;Quid</span> <span class='ocrx_word' id='word_1_282' title='bbox 932 3529 1026 3613; x_wconf 72' lang='lat' dir='ltr'>ipiteer</span> <span class='ocrx_word' id='word_1_283' title='bbox 1058 3536 1174 3610; x_wconf 75' lang='lat' dir='ltr'>lampae</span> 
     </span>
     <span class='ocr_line' id='line_1_32' title="bbox 109 3629 1170 3723; baseline -0.005 -23"><span class='ocrx_word' id='word_1_284' title='bbox 109 3633 304 3722; x_wconf 60' lang='grc' dir='ltr'><strong><em>ιιγῖοοιιιναοεῖ</em></strong></span> <span class='ocrx_word' id='word_1_285' title='bbox 347 3638 503 3721; x_wconf 78' lang='lat' dir='ltr'>(Propriez</span> <span class='ocrx_word' id='word_1_286' title='bbox 534 3638 609 3723; x_wconf 80' lang='lat' dir='ltr'>quid</span> <span class='ocrx_word' id='word_1_287' title='bbox 638 3660 707 3700; x_wconf 83' lang='lat' dir='ltr'>cum</span> <span class='ocrx_word' id='word_1_288' title='bbox 734 3646 849 3720; x_wconf 71' lang='lat' dir='ltr'>tompus</span> <span class='ocrx_word' id='word_1_289' title='bbox 876 3629 1040 3720; x_wconf 60' lang='lat' dir='ltr'>efformet?</span> <span class='ocrx_word' id='word_1_290' title='bbox 1082 3631 1170 3715; x_wconf 87' lang='lat' dir='ltr'>Synt.</span> 
     </span>
     <span class='ocr_line' id='line_1_33' title="bbox 108 3743 354 3827; baseline -0.008 -16"><span class='ocrx_word' id='word_1_291' title='bbox 108 3743 203 3827; x_wconf 61' lang='lat' dir='ltr'>[ing</span> <span class='ocrx_word' id='word_1_292' title='bbox 232 3746 290 3806; x_wconf 84' lang='grc'>198</span> <span class='ocrx_word' id='word_1_293' title='bbox 313 3746 354 3821; x_wconf 86' lang='lat' dir='ltr'>a.)</span> 
     </span>
    </p>

    <p class='ocr_par' dir='ltr' id='par_1_4' title="bbox 105 3839 1171 4146">
     <span class='ocr_line' id='line_1_34' title="bbox 208 3839 1171 3941; baseline -0.007 -25"><span class='ocrx_word' id='word_1_294' title='bbox 208 3850 276 3941; x_wconf 64' lang='lat' dir='ltr'><strong>Ibd.</strong></span> <span class='ocrx_word' id='word_1_295' title='bbox 299 3853 337 3912; x_wconf 76' lang='lat'>27</span> <span class='ocrx_word' id='word_1_296' title='bbox 361 3868 391 3931; x_wconf 85' lang='lat' dir='ltr'>p.</span> <span class='ocrx_word' id='word_1_297' title='bbox 415 3849 525 3912; x_wconf 81' lang='lat'>1151)</span> <span class='ocrx_word' id='word_1_298' title='bbox 554 3849 764 3914; x_wconf 82' lang='lat' dir='ltr'>scribendum:</span> <span class='ocrx_word' id='word_1_299' title='bbox 798 3843 904 3919; x_wconf 76' lang='grc' dir='ltr'><strong><em>οὕτως</em></strong></span> <span class='ocrx_word' id='word_1_300' title='bbox 932 3839 1171 3930; x_wconf 82' lang='grc' dir='ltr'><strong><em>α’νοιγιιαζό-</em></strong></span> 
     </span>
     <span class='ocr_line' id='line_1_35' title="bbox 106 3946 1170 4041; baseline -0.003 -21"><span class='ocrx_word' id='word_1_301' title='bbox 106 3980 239 4037; x_wconf 82' lang='grc' dir='ltr'><strong><em>μενον</em></strong></span> <span class='ocrx_word' id='word_1_302' title='bbox 272 3961 384 4021; x_wconf 82' lang='grc' dir='ltr'><strong><em>εἰπεῖν</em></strong></span> <span class='ocrx_word' id='word_1_303' title='bbox 418 3963 483 4039; x_wconf 87' lang='lat' dir='ltr'>(pro</span> <span class='ocrx_word' id='word_1_304' title='bbox 507 3946 796 4041; x_wconf 76' lang='grc' dir='ltr'><strong><em>α’ναγιιαζόμενος,</em></strong></span> <span class='ocrx_word' id='word_1_305' title='bbox 833 3957 864 4019; x_wconf 80' lang='lat' dir='ltr'>et</span> <span class='ocrx_word' id='word_1_306' title='bbox 891 3955 982 4039; x_wconf 81' lang='lat' dir='ltr'>paulo</span> <span class='ocrx_word' id='word_1_307' title='bbox 1006 3954 1077 4018; x_wconf 82' lang='lat' dir='ltr'>ante</span> <span class='ocrx_word' id='word_1_308' title='bbox 1099 3970 1170 4017; x_wconf 84' lang='lat' dir='ltr'>cum</span> 
     </span>
     <span class='ocr_line' id='line_1_36' title="bbox 105 4053 1169 4146; baseline -0.003 -20"><span class='ocrx_word' id='word_1_309' title='bbox 105 4061 246 4129; x_wconf 79' lang='lat' dir='ltr'>Roiskio:</span> <span class='ocrx_word' id='word_1_310' title='bbox 278 4062 409 4128; x_wconf 79' lang='grc' dir='ltr'><strong><em>σιωπᾶν</em></strong></span> <span class='ocrx_word' id='word_1_311' title='bbox 442 4053 675 4146; x_wconf 65' lang='lat' dir='ltr'>opprimor).</span> <span class='ocrx_word' id='word_1_312' title='bbox 719 4058 800 4125; x_wconf 80' lang='lat' dir='ltr'>Tum</span> <span class='ocrx_word' id='word_1_313' title='bbox 821 4078 891 4126; x_wconf 89' lang='lat' dir='ltr'>voro</span> <span class='ocrx_word' id='word_1_314' title='bbox 913 4059 1003 4143; x_wconf 90' lang='lat' dir='ltr'>paulo</span> <span class='ocrx_word' id='word_1_315' title='bbox 1025 4057 1095 4141; x_wconf 87' lang='lat' dir='ltr'>poet</span> <span class='ocrx_word' id='word_1_316' title='bbox 1117 4057 1169 4134; x_wconf 77' lang='grc'>(11)</span> 
     </span>
    </p>
   </div>
   <div class='ocr_carea' id='block_1_3' title="bbox 0 0 1294 4530">
    <p class='ocr_par' dir='ltr' id='par_1_5' title="bbox 0 0 1294 4530">
     <span class='ocr_line' id='line_1_37' title="bbox 0 0 1294 4530; baseline 0 4"><span class='ocrx_word' id='word_1_317' title='bbox 0 0 1294 4530; x_wconf 95' lang='lat' dir='ltr'> </span> 
     </span>
    </p>
   </div>
  </div>
 </body>
</html>
