2580 4530
546 242 606 299 Irin.-
619 245 641 298 1.
1047 252 1087 315 97

41 442 138 507 dmum
164 460 187 506 a
214 442 379 507 bonorum
400 441 556 525 scriptura
583 462 638 527 per
658 461 772 509 sauou
804 448 946 527 suspecta
963 446 1129 519 ¹dissensus

43 548 155 613 nudum
184 548 327 614 omniuo
353 532 452 613 halet
487 547 667 615 coniectura
693 566 818 631 cansam
832 550 988 634 nihilque·
1006 553 1129 621 ina-nius

47 674 105 721 esse
127 656 245 739 potest
268 652 517 737 suspicionibus,
539 670 609 737 quae
631 674 667 719 ax
687 654 864 735 huiusmodi
884 657 1004 725 mendis
1026 660 1058 723 et
1076 652 1129 725 iir-¹

48 760 315 843 rorpolstionibus
331 759 435 825 ductae
451 759 549 837 etiam
559 778 626 835 neu
645 761 938 841 ocutomnandcrum
958 762 1129 849 philologo·

52 886 127 934 mm.
150 868 250 933 velut
272 866 346 931 Nic.
370 865 512 943 Heinsii,
543 865 778 931 commentarios
788 866 940 949 implent.
981 868 1127 937 Omnium

53 978 146 1037 eutem
174 971 335 1037 codicum
362 972 418 1036 aut
448 970 598 1063 bonorum
614 982 780 1037 consensu
809 971 948 1036 stabilita
977 975 1132 1058 scriptura

55 1078 147 1143 uendi
161 1078 382 1154 convincitur,
404 1076 437 1155 si
454 1094 492 1141 ex
514 1094 550 1143 aa
571 1076 668 1167 oratio
680 1078 893 1159 sententiaque
905 1078 1055 1143 eiusmodi
1069 1099 1128 1149 nou

57 1182 192 1261 efficitur,
218 1202 294 1267 quae
316 1182 464 1264 scriptori
485 1181 579 1265 situi
591 1183 776 1266 inrapossit.
817 1182 931 1268 Neque
947 1185 1038 1263 enim,
1056 1186 1142 1269 quid.

59 1292 153 1373 sitpar
175 1310 214 1355 se
241 1292 370 1354 rectum
393 1289 451 1352 aut
472 1286 568 1355 etlam
581 1286 718 1371 elegans,
741 1289 897 1371 quaritur,
920 1289 984 1369 sed,
997 1292 1129 1372 quidita

60 1415 113 1461 eum
143 1395 318 1478 scriptoris
344 1394 471 1478 ingenio
500 1394 532 1456 et
559 1394 777 1459 cousuetudine
806 1396 850 1461 at·
865 1396 967 1478 operis
987 1398 1129 1464 universa

60 1502 144 1567 forma
176 1500 354 1567 conueniat
384 1502 417 1565 et
447 1500 493 1563 ita
519 1498 601 1564 inter
622 1518 655 1564 sa
678 1500 850 1579 cohaereat,
865 1506 910 1580 ut,
935 1503 1058 1569 memet
1077 1522 1128 1569 ra·

61 1608 198 1689 prehendi
223 1607 363 1671 fortasse
386 1605 492 1688 aliqua
514 1622 550 1669 ex
569 1588 791 1693 partapossit,
815 1609 920 1672 tamen
943 1608 975 1683 in
997 1609 1031 1673 id
1051 1610 1128 1674 inci-

62 1712 117 1779 lue
137 1713 286 1797 scriptor
305 1710 459 1795 potuerit3
483 1712 583 1793 atque,
594 1711 622 1776 si
637 1713 710 1795 quid
721 1713 832 1797 corrigi
841 1716 990 1796 tanquam
1000 1714 1128 1778 mendo-

62 1840 116 1884 um
144 1818 252 1895 uelis,
291 1837 329 1882 oo
357 1815 520 1900 dirigenda
540 1817 696 1882 accusatio
719 1819 781 1896 est,
814 1819 851 1882 ut
871 1818 1037 1883 absurdum
1059 1838 1128 1885 essa

61 1941 291 2011 repugnansque
329 1920 411 1985 inter
446 1939 481 1985 se
518 1922 551 1985 et
579 1924 650 1987 cum
678 1925 825 2006 proximis
855 1924 1000 1989 ostendes
1017 1926 1089 1988 aut
1109 1944 1135 1988 a.

62 2030 216 2115 :eripiaris
256 2031 416 2109 tempore,
450 2026 589 2110 iugenio,
605 2028 749 2095 scienta
776 2014 845 2095 asse
873 2030 1008 2105 ahenum
1029 2048 1128 2113 neque

62 2136 247 2219 pmbalrilem
264 2133 379 2197 habere
401 2133 628 2203 excusationem
649 2139 713 2213 aut,
736 2154 791 2199 cur
812 2135 957 2200 exciderit
978 2136 1139 2218 scriptori,

63 2244 312 2326 explicationem.
360 2236 565 2335 Namumulta
587 2240 795 2323 scriptor-ant
811 2260 876 2305 uon
899 2242 1004 2325 utique
1029 2241 1140 2321 meles·¹

64 2350 227 2415 autetiam
251 2343 328 2410 alibi
345 2343 448 2407 -lronus
471 2344 660 2423 rebusfalsa,
683 2340 971 2426 sententiavitios'a,
994 2348 1130 2413 oratione

65 2455 244 2519 :aconcinna
278 2450 419 2534 posuisse
447 2453 551 2531 potest
576 2453 628 2534 (ne
655 2453 692 2516 dc
714 2455 805 2518 unius
826 2455 992 2519 alteriusve
1016 2456 1060 2519 rei
1083 2455 1132 2539 ig·

65 2562 218 2625 roratione
240 2560 299 2622 ant
319 2575 420 2622 errore
444 2555 560 2640 dicam)
582 2560 638 2621 aut
657 2559 806 2624 festinans
818 2564 872 2627 aut
887 2560 981 2623 etiam
995 2562 1131 2625 materias

67 2688 113 2731 :m
135 2666 222 2732 satis
244 2682 312 2747 par,
334 2663 421 2726 euius
444 2662 564 2745 generis
587 2665 725 2747 exempla
746 2667 902 2746 permulta
921 2667 954 2729 in
977 2664 1131 2731 Ciceronis

73 2772 94 2833 ie
113 2770 316 2856 philosophia
336 2769 427 2833 libris
446 2770 549 2833 uetari
571 2770 669 2853 deque
684 2773 751 2833 tota
772 2789 805 2835 re
829 2772 889 2834 dixi
909 2772 941 2835 in
956 2773 1132 2854 praefatione

67 2879 204 2943 allibrcs
217 2874 259 2940 do
270 2876 384 2940 finibus
402 2866 490 2939 a'me
512 2876 651 2959 (iterum)
675 2874 775 2940 editos
795 2894 826 2959 p.
839 2876 926 2942 LXII
941 2898 1016 2961 sqq,
1042 2881 1133 2961 atque

65 2982 215 3049 irterdum
233 2984 336 3047 ctiam
358 2982 487 3047 consilio
511 3000 571 3046 non
594 3000 665 3046 vere
685 2980 844 3061 scripsisse
855 2985 910 3046 aut
920 2994 1046 3049 acumen
1061 3003 1133 3066 cap·

66 3106 122 3155 :ans
155 3093 191 3155 iu
224 3088 333 3153 inania
364 3086 509 3151 incidisse
536 3086 633 3169 (quod
663 3086 845 3168 aliquotiens
873 3086 980 3154 Tacito
1008 3088 1132 3169 accidit)

17 3234 20 3267 :
67 3212 89 3257 :r
102 3197 142 3259 ab
158 3194 317 3259 orationis
338 3192 487 3257 consueta
505 3212 613 3257 norma
625 3193 792 3261 aberrasse.
815 3191 922 3258 Sedet
941 3194 992 3257 ubi
1004 3193 1135 3272 scriptor

67 3302 217 3366 -antantia
236 3301 375 3375 aberrat,
391 3301 498 3362 tamen
516 3300 644 3382 apparat
669 3297 809 3363 voluutas
821 3297 1060 3379 adpropositum
1076 3297 1134 3359 ali·

72 3409 136 3487 ,uod
158 3406 300 3472 tendens
322 3405 482 3486 formaque
505 3424 540 3469 eo
561 3404 686 3470 consilio
707 3404 861 3481 instituta,
884 3405 925 3479 at,
946 3402 999 3465 ubi
1019 3401 1134 3479 impro-

67 3516 119 3591 :ria
148 3513 297 3595 loquitur
325 3511 381 3573 ant
411 3512 637 3575 constructione
668 3510 797 3588 excidit,
821 3528 839 3572 a
860 3508 908 3572 sui
929 3506 1032 3567 tamen
1054 3504 1136 3567 tem·

67 3622 135 3697 garns
148 3616 304 3700 loquendi
317 3635 386 3691 usu,
409 3615 621 3693 utitadioam,
644 3615 796 3702 gradatim
819 3613 873 3676 aut
893 3628 978 3675 novae
999 3608 1134 3673 notionis

69 3723 277 3807 -muificandae
306 3723 362 3786 aut
382 3720 527 3785 rhetorici
548 3712 671 3786 artificii
692 3740 792 3786 causa·
805 3720 859 3783 aut
880 3717 949 3781 lusu
970 3716 1009 3779 ad
1029 3714 1136 3780 insoli-

68 3844 124 3893 :um
153 3829 249 3893 rerbi
277 3847 370 3891 usum
402 3828 458 3890 aut
478 3828 600 3909 propter
622 3827 809 3911 singularem
831 3823 974 3888 orationis
994 3821 1136 3905 implica-

68 3936 176 3999 :imam
210 3934 253 3997 ad
277 3932 540 3997 constructionem
562 3933 743 3999 inusitatam
766 3933 798 3993 et
818 3929 1029 4008 perturbatam
1051 3928 1137 3992 dela·

71 4040 144 4104 titur
172 4058 235 4104 nec
267 4041 376 4122 aperte
406 4038 439 4100 ct
470 4038 652 4120 simpliciter
679 4037 742 4121 legi
765 4038 797 4098 et
816 4034 886 4098 usui
907 4034 1063 4099 communi
1084 4033 1138 4097 aut
