2580 4530
171 224 230 288 ara
602 223 662 279 uo.
676 184 717 281 iu
747 239 748 242 ο

129 445 217 508 quem
241 424 417 489 Dindorfius
438 425 582 506 sequitur,
605 423 747 488 lacunam
775 427 846 488 aute
872 426 952 489 hunc
973 442 1096 491 versum
1118 445 1179 490 esse

129 531 292 596 statuebat
325 530 387 594 Sed
407 529 632 594 nibilexoidere
647 529 756 612 potuit,
777 548 835 615 quo
857 533 939 595 reete
960 529 992 595 id
1013 531 1184 608 referretur,

129 638 271 720 quoniam
294 636 398 701 nullus
417 655 495 700 uuus
517 636 666 700 nominari
679 637 780 717 potest
794 636 887 713 loeus,
909 636 961 701 ubi
972 639 1004 701 et
1019 635 1184 720 Charybdis

128 744 297 826 angustans
316 742 400 825 rupis
420 740 616 806 intervallum
638 741 822 807 habitaverit
841 744 872 806 et
893 741 1023 825 Cyclops
1047 745 1080 808 et
1092 743 1184 822 Circe,

26 889 34 905 ·
127 851 184 914 cet.
227 848 366 912 Primum
388 847 483 932 igitur
503 846 666 911 faciemus:
703 841 869 930 ἣστενόν
890 849 1029 914 δίαυλον
1051 846 1183 934 ᾤκισται

127 962 264 1038 πέτρας,
279 953 397 1018 'deinde
419 971 455 1017 ex
475 951 588 1016 litteris
609 944 683 1017 οὐδ’
704 936 874 1020 efficiemus
899 947 981 1033 οἷδ’,
1003 956 1039 1020 ut
1059 956 1140 1042 sit:-

261 1053 354 1134 οἶδ’,
377 1054 400 1143 ἢ
422 1051 542 1123 οσενάν
565 1057 704 1124 δίαυλον
726 1056 861 1146 ᾤκισται
884 1063 1022 1144 πέτρας,

260 1160 352 1251 δεινή
376 1158 568 1250 Χάρυβδις,
591 1157 757 1248 ω’,ιιόφρων
778 1159 808 1231 τ’
830 1160 1011 1253 ἐπιστάτης

260 1264 412 1348 Κύκλωψ
433 1296 460 1336 κ.
484 1297 512 1336 τ.
535 1273 564 1335 λ.
918 1334 922 1345 ,

225 1379 329 1443 Scire
351 1376 560 1460 etharybdis
576 1375 912 1460 etchlopsetoetera,
934 1379 1184 1459 etiaminanirna,

125 1484 266 1548 dicuntur
287 1486 318 1549 et
338 1485 435 1548 testes
458 1502 525 1548 esse
546 1495 660 1560 eorum,
681 1502 748 1566 quae
773 1483 876 1549 tutura
898 1484 1069 1552 Cassandra
1093 1489 1183 1553 canit.

224 1590 290 1654 Ibd.
313 1589 374 1650 476
397 1608 477 1671 sqq.:
942 1589 946 1597 ’

207 1689 268 1762 οὐκ
290 1689 444 1781 α’ριδριόν
466 1691 584 1768 ἄλλοις,
607 1687 678 1759 ἀλλ’
700 1687 912 1780 ὑπερτάτους
935 1698 1092 1784 Φρυγῶν·

207 1799 249 1869 ου’
268 1798 396 1889 ’Τρῳάς
418 1794 491 1868 οὐδ’
511 1795 671 1884 Ἑλληνὶς
692 1795 770 1866 οὐδὲ·
783 1795 966 1887 βάρβαρος
1008 1863 1015 1873 ,

206 1906 292 1996 γυνή
316 1909 459 1976 τεκοῦσα
484 1899 692 1992 κομπάσειεν
714 1903 758 1973 άν
779 1934 874 1979 ποτε.

222 2016 318 2081 Deest
346 2016 437 2080 verbo
465 2015 607 2080 τεκουοα
637 2015 804 2092 obiectum3
835 2015 937 2098 itaque
966 2015 1105 2095 morunt,
1133 2021 1184 2101 qui

122 2121 289 2187 scriberent
327 2117 386 2195 οὓς
428 2114 554 2207 Τρῳάς,
588 2120 668 2204 quod
698 2120 832 2185 debebat
863 2107 957 2194 οἵους
990 2140 1072 2198 esse;
1111 2143 1184 2188 nam

122 2229 239 2292 nullam
271 2229 364 2292 aliam
400 2227 549 2293 feminam
579 2227 733 2310 peperisse
767 2226 902 2291 Hecubae
937 2227 1059 2306 liberae,
1093 2230 1181 2311 iuep-

120 2335 275 2399 tissimum
298 2336 354 2399 est.
397 2331 680 2397 Diodorfius‘facile
711 2350 744 2395 se
765 2330 903 2414 expedit,
933 2352 961 2396 v.
984 2333 1045 2394 477
1066 2336 1098 2400 et
1119 2337 1180 2398 478

120 2441 228 2506 deletis
251 2441 346 2504 etiam
367 2442 472 2503 contre
496 2420 621 2521 Apsinis
645 2436 773 2500 rhetoris
795 2437 1013 2503 testimonium.
1058 2441 1180 2519 Quanto

119 2545 218 2610 lenius
240 2549 307 2614 crat
330 2545 477 2610 scribere:

245 2704 249 2719 .
274 2644 316 2716 οὐ
342 2646 459 2735 Τρῳάς
481 2640 553 2714 οὐδ’
572 2641 734 2731 Ἑλληνὶς·
753 2640 830 2714 ου’δὲ
850 2643 1026 2733 βάρβαρος

273 2752 360 2844 γυνή
382 2758 524 2822 τεκουσα
548 2746 757 2837 κομπάσειεν
778 2748 823 2820 ἂν
844 2757 996 2829 τοίους.

118 2864 262 2929 Fortasse
287 2863 407 2929 errandi
429 2882 520 2928 causa
541 2861 600 2926 fuit
621 2885 652 2924 αι
675 2862 856 2944 correptum.

216 2969 282 3033 lbd.
305 2971 366 3031 540
389 2971 420 3033 in
441 2969 553 3034 litteris
576 2962 678 3052 φόνια
701 2966 839 3050 πατρίδι
866 2987 961 3032 unum
988 2969 1094 3060 subest
1121 2973 1176 3034 ad-

115 3077 262 3140 iectivum
298 3077 502 3158 compositum
534 3075 573 3140 ad
602 3067 740 3139 δοῖπεδα
773 3077 895 3156 aptum;
928 3075 1006 3157 quod
1034 3077 1084 3153 sit,
1116 3096 1174 3141 non

114 3183 246 3265 reperio;
272 3184 345 3266 puto
367 3182 566 3264 posteriorem
588 3183 708 3264 partem
731 3199 798 3245 esse
820 3205 969 3264 παρειος.

178 3289 278 3353 ‘loa
301 3289 380 3351 891:

262 3391 374 3478 Ὸρών
397 3394 430 3458 δὲ
452 3391 552 3478 τήνδε
576 3395 690 3479 φεῦγε,
713 3387 763 3477 μή
785 3385 814 3459 o'
835 3394 894 3477 ἕλῃ
916 3385 1027 3477 πόθῳ.

212 3504 301 3567 Iubet
330 3501 456 3565 Hecuba
485 3500 660 3565 Menelaum
688 3500 783 3564 vitare
811 3501 1005 3582 conspectum
1027 3498 1171 3573 Heleuae;

111 3606 244 3670 nondum
267 3607 348 3672 euim
371 3626 438 3670 eam
460 3606 537 3671 vidit
559 3608 590 3669 et
610 3605 702 3670 dietis
724 3606 848 3670 demum
870 3604 918 3668 his
940 3603 1076 3668 versibus
1102 3624 1171 3667 earu

110 3713 291 3794 protrahunt
316 3713 424 3777 famuli
452 3731 468 3776 e
496 3712 641 3790 tentorio,
673 3712 736 3777 ubi,
757 3714 843 3776 eraut
869 3709 997 3792 captivae
1024 3714 1064 3789 (v.
1099 3711 1169 3784 871,

109 3837 137 3881 v.
162 3818 222 3880 880
244 3826 312 3901 sq.).
355 3820 462 3902 Itaque
484 3819 647 3901 scripserat
667 3817 844 3901 Euripides:

255 3916 381 4007 Ὁρᾶν
402 3924 437 3990 δὲ
459 3917 559 4008 τήνδε
582 3923 697 4009 φεῦγε,
720 3916 769 4006 μή
788 3914 817 3987 α’
838 3923 896 4006 ἕλῃ
918 3915 1029 4006 πόθῳ.
