2580 4530
95 277 102 283 ·
149 252 209 314 336
573 249 644 307 Lib„
654 251 707 306 ΙΙΙ.

107 447 291 531 corrupti¹).·
326 449 391 526 ·(Ds
411 449 436 526 1,
460 449 490 525 2,
514 451 529 510 1
555 451 588 514 et
608 450 658 527 10,
680 449 723 527 Il,
751 447 780 523 2,
811 450 830 510 8
858 450 890 514 et
917 451 946 524 4,
975 449 1032 526 34,
1050 447 1115 525 ,VL
1141 449 1166 522 5,

110 555 130 617 3
152 555 212 620 vid.
235 575 303 640 pag.
326 554 396 630 110,
419 555 458 615 75
482 555 514 619 et
529 556 586 633 -84,
609 554 658 632 56,
683 556 753 634 128,
777 553 842 627 19.)
1033 622 1038 628 ,

208 661 279 725 Lib,
297 661 323 739 Ι,
347 664 376 740 2,
399 662 433 726 5:
480 655 615 748 Στάγης
642 661 677 728 δὲ
706 654 732 727 δ’
753 661 888 745 Πέρσης
912 688 952 724 .=.
977 707 1003 734 .,
1022 655 1112 751 ’ἐπεὶ
1141 665 1168 726 οἱ

109 760 298 853 Ἀθηναῖοι
332 761 370 832 ἐκ
408 769 471 833 τοῦ
501 768 734 853 στρατοπέδου
773 768 1048 853 διεσκεδασμένοι
1085 759 1170 852 ἦσαν

110 870 195 939 κατα
219 875 280 947 τοίς
303 874 392 946 ἰδιάς
424 873 537 957 λείας,
563 867 818 962 βοηθησάντων
846 875 914 939 τῶν
941 877 1089 950 ἱππέων,
1115 883 1169 943 ἕνα

108 987 175 1064 μὲν
192 977 277 1061 ζωόν
293 984 429 1066 ἔλαβεν,
445 975 530 1046 ἔσται’
548 983 583 1049 δι’
598 975 787 1048 &niarasis-
821 980 932 1046 scrib:
947 974 1171 1066 βοηθήσας

109 1085 216 1171 perd
241 1089 309 1154 eois
332 1093 475 1154 ἱππέων.
524 1089 594 1171 Ipse
620 1087 774 1153 advolavit
793 1087 919 1170 equites
951 1087 1084 1167 ducens,
1115 1109 1171 1154 non

110 1196 212 1261 nescio
233 1195 314 1259 unde
337 1194 470 1259 advectis
486 1203 565 1258 usus
590 1195 648 1259 est.

210 1302 278 1366 lbd.
303 1302 333 1378 4,
358 1299 412 1361 13:
433 1292 674 1384 θαυμάζοντες
697 1301 750 1364 καὶ
775 1299 861 1365 ἰδεῖν
881 1292 1091 1385 βουλόμενοι
1114 1297 1173 1367 σόν

110 1400 359 1492 Ἀλκιβιάδην,
395 1409 567 1501 λέηοντες,
598 1411 631 1470 οἱ
651 1410 736 1490 μὲν,
765 1399 810 1478 οἷς
832 1402 1010 1489 κράτιστος
1032 1411 1085 1492 εἴη
1108 1407 1173 1474 τῶν

111 1513 262 1599 mollenis
297 1515 351 1579 aori
384 1507 494 1598 μόνος
522 1506 816 1600 οιίιελογηθη,“σῖς
838 1505 880 1578 οὗ
903 1513 1040 1588 δικαίως
1062 1510 1175 1603 φύγοι,

39 1654 42 1659 v
112 1613 434 1732 dacstcvlsudsickds
457 1615 527 1688 rino*
550 1622 618 1687 adu
641 1623 785 1689 ἔλασσον
809 1611 943 1685 ἐκείνου
965 1621 1173 1703 δυναμένων.

111 1727 153 1791 Et
175 1726 328 1792 sententia
350 1729 382 1793 et
394 1728 504 1793 dorma
524 1728 610 1795 verbi
630 1731 699 1812 (εἴη
716 1764 755 1774 -
768 1719 974 1813 α’σελογήθη
998 1763 1035 1774 -
1061 1721 1174 1816 φύγοι)

110 1834 306 1917 ineptissima
325 1837 397 1899 sunt
417 1835 472 1900 illa
495 1837 549 1901 καὶ
570 1828 679 1920 μόνος
700 1828 915 1919 ἀπελογήθη.
973 1835 1085 1919 Itaque
1107 1836 1174 1901 tolli

111 1941 176 2013 alii,
195 1934 401 2028 α’πιλοηήθη
416 1934 469 2015 ,οἷς
497 1944 619 2021 volunt,
651 1942 704 2007 alii
738 1940 834 2024 (quod
864 1959 939 2006 sane
954 1942 1174 2013 ¹necessarium

113 2048 174 2130 est)
197 2047 292 2111 etiam
313 2040 431 2132 μόνος.
486 2049 547 2114 Sed
579 2049 695 2114 nemini
715 2048 787 2113 baec
818 2047 885 2112 siue
906 2047 986 2122 ulla,
1013 2067 1081 2130 quae
1102 2048 1176 2132 fingi

111 2153 219 2234 possit,
242 2172 336 2218 causa
356 2154 396 2218 ad
418 2155 587 2220 orationem
601 2154 841 2237 perturbandam
858 2153 970 2219 addere
990 2153 1023 2217 iu
1035 2145 1175 2219 mehtem

111 2254 203 2322 teuit.
230 2324 233 2328 Α
257 2259 456 2325 Manifestum
480 2263 529 2326 est
548 2263 645 2326 latere
667 2259 783 2343 aliquid
805 2280 876 2326 cum
900 2253 1079 2345 κράτιστος
1103 2279 1176 2326 con-

32 2369 34 2374 ’
111 2364 260 2430 iunctum.
321 2365 491 2448 Scripserat
508 2367 692 2447 Xenophon:
720 2368 773 2430 καὶ
796 2358 905 2450 μόνος
931 2360 1175 2453 οἷπλοήθης,

114 2473 184 2536 nst
209 2466 253 2543 οἷς
284 2466 325 2537 ον’
357 2474 500 2546 δικαίως.
564 2473 700 2554 Simplex
728 2474 760 2536 et
787 2475 927 2555 apertum
954 2475 987 2538 in
1013 2475 1176 2541 Alcibiade

112 2577 269 2660 ingenium
291 2579 420 2643 laudant
433 2586 553 2658 -(mores
568 2580 732 2644 dissolutos
745 2581 777 2642 et
788 2581 963 2661 superbiam
975 2583 1176 2671 excusantes),

112 2683 325 2749 austerorum
348 2687 463 2751 artibus
485 2687 628 2752 tortuosis
650 2684 828 2768 (ποικιλίᾳ)
850 2686 1014 2751 diversum.
1053 2679 1177 2760 'Hdor

112 2790 213 2886 ipsum
236 2785 372 2857 ἁπλοῦν
395 2793 458 2870 est;
482 2793 519 2857 de
543 2793 665 2857 bomine
676 2791 844 2874 Xenophon
859 2812 937 2858 novo
958 2796 990 2858 et
1008 2795 1176 2877 composito

112 2898 261 2962 vocabulo
283 2918 357 2963 usus
380 2901 436 2964 est.
461 2899 535 2983 (Cir.
558 2896 747 2984 κακοήθης,
764 2905 843 2980 cet.)

144 3213 166 3282 ι)
185 3213 256 3267 Usus
274 3229 345 3274 sum,
370 3227 429 3265 cum
453 3195 511 3263 bad
537 3210 638 3264 edenda
662 3210 845 3274 describerem,
863 3208 996 3268 Dindorfii
1013 3208 1176 3264 editionibus

184 3305 378 3373 oxoniensibus
397 3303 540 3369 (Hellenic.
559 3307 638 3367 1853)
657 3309 684 3359 et
702 3304 823 3374 S'auppii.
859 3303 1058 3357 Hellenicorum
1076 3302 1177 3356 codices

154 3433 157 3438 -
185 3415 275 3453 omnes
302 3413 453 3450 communes
476 3395 577 3449 babent
600 3396 707 3450 lacunas
731 3397 787 3459 ΠΙ,
812 3399 841 3459 4,
868 3399 933 3451 bet
951 3399 985 3451 12
1007 3399 1036 3449 et
1056 3396 1088 3458 V,
1114 3397 1176 3457 4,9

185 3495 213 3544 et
231 3494 265 3546 10
282 3488 447 3558 (duplicem),
466 3488 691 3542 annotationeme
707 3489 828 3562 margine
840 3489 869 3541 in
880 3489 1027 3542 orationem
1046 3491 1177 3559 receptam

185 3584 231 3645 VI,
251 3585 276 3642 4,
295 3586 319 3637 3.
348 3581 432 3646 Quam
440 3582 536 3649 pusilli
556 3583 583 3635 et
601 3579 736 3634 manifesti
755 3581 892 3634 erroresin
909 3574 1038 3635 omnibus
1050 3581 1177 3642 haereant,

185 3676 305 3744 exemplo
333 3690 390 3728 esse
408 3676 498 3742 potest
516 3675 558 3728 bis
576 3673 604 3727 in
622 3673 692 3727 libro
710 3674 796 3741 primo
815 3675 850 3742 (5,
872 3676 904 3729 16
917 3677 944 3728 et
957 3677 980 3735 7,
1002 3677 1028 3738 1)
1047 3675 1177 3744 scriptum

184 3769 210 3820 δ’
230 3769 258 3821 ἐν
277 3769 343 3837 οἴκῳ
361 3770 408 3836 pro
428 3769 499 3822 οἴκοι
518 3767 551 3833 (Ι,
565 3769 638 3845 ,6,,.8,
658 3767 709 3829 ΠΙ,
729 3769 754 3830 2,
773 3756 836 3821 6'et
853 3768 878 3828 4,
897 3769 940 3830 27,
959 3767 991 3830 V,
1010 3769 1035 3832 3,
1054 3769 1089 3822 24
1107 3770 1137 3822 ct
1152 3768 1177 3829 4,

186 3863 210 3922 2,
229 3861 258 3913 in
277 3860 374 3928 quibus
393 3857 464 3914 locis
477 3846 676 3941 non-Mt
696 3857 748 3926 δέ).
786 3857 940 3912 Diudorfins
962 3875 1016 3912 una
1043 3862 1071 3913 et
1093 3860 1179 3915 altera

183 3952 394 4020 interpolatione
407 3938 699 4035 1οσδίιίορἶ,’δοσιῑιησσ
717 3954 767 4005 est.

499 4070 534 4091 ,μ
628 4064 689 4101 ,τηου

509 4090 549 4133 1Ιῆ
571 4092 687 4134 .,”ι·1.,·οι,ΰν

551 4130 612 4163 μ’».
629 4136 656 4161 'r'
