2580 4530
223 243 284 306 368
435 260 439 269 ·
645 242 705 298 Lib.
724 242 778 298 111.

184 445 339 508 sententia
357 443 540 525 requiratur,
562 445 595 507 et
615 441 654 504 ab
674 439 743 504 aliis
759 442 791 504 et
801 442 840 506 ab
852 440 1032 507 Hermanno
1051 441 1233 508 intellectum

180 551 246 624 est;
268 549 369 613 sedin
391 549 456 614 eius
478 548 663 614 correctione
687 542 767 623 (ιδν
788 541 959 632 cleranos)
981 551 1014 614 et
1031 541 1099 614 κάν
1115 567 1235 631 pravum

180 657 228 718 est
250 657 282 718 ut
304 651 455 740 ἐλεγκτάς
480 703 487 720 .
515 704 522 719 .
548 704 555 719 .
578 657 710 742 γένοιτο
733 672 788 736 pro
811 655 1003 740 ἐλεγχθείη.
1048 648 1234 740 Exciditprj

180 760 348 844 anteponi,
375 760 646 844 scribendumque:
678 754 811 843 ἵναμή
833 785 894 839 μοι
918 760 974 827 καὶ
998 753 1237 848 άνέλεγντοςῆ

178 896 217 951 μ.
254 893 284 954 γ.
355 868 417 933 Sed
455 867 570 932 residet
613 866 781 948 scrupulus·
811 866 842 929 in
884 865 940 930 καί
950 914 957 942 ,
1010 868 1091 951 quod
1133 871 1236 953 aptum

179 992 237 1036 non
261 976 316 1037 est.
927 962 930 967 ⁴

278 1078 481 1159 ibdpssrA:
506 1073 549 1143 ἵν’
572 1077 686 1162 εἰδῆτε
709 1073 760 1142 ὅτι
784 1071 857 1143 οὐδ’
881 1074 926 1144 άν
947 1081 996 1144 ἐνὶ
1011 1075 1237 1168 ὑπεικάθοιμι

179 1179 272 1267 παρά
298 1179 338 1248 τά
364 1183 495 1249 δίκαιον
517 1179 832 1260 δείσας’δάνατον,
862 1180 913 1270 μή
935 1180 1090 1252 ὑπείκων
1112 1188 1148 1253 δέ
1170 1184 1236 1273 άμα

179 1295 232 1357 καὶ
258 1285 318 1375 ἅμ’
340 1283 386 1354 άν
407 1281 615 1374 αἰιολοίμην.
655 1288 706 1353 Sic
728 1291 836 1371 optimi
857 1292 986 1370 codices,
1008 1312 1140 1376 quorum
1162 1294 1238 1359 indi·

179 1400 260 1462 cium
292 1398 490 1476 corrumpunt
524 1398 555 1459 et
588 1395 718 1474 tollunt,
758 1397 809 1478 qui
844 1398 901 1462 καί
931 1399 1154 1480 transponunt,
1186 1420 1238 1466 nec

177 1505 295 1574 minus,
330 1501 382 1582 qui
408 1496 481 1585 ἅμα
508 1503 563 1566 καὶ
592 1502 774 1585 simpliciter
808 1503 920 1568 delent.
976 1503 1111 1569 Videtur
1132 1506 1238 1573 fnisse:

176 1604 226 1695 μή
249 1603 399 1673 ὑπείκων
421 1607 455 1672 δέ
478 1604 553 1693 άρα
578 1610 631 1673 καὶ
655 1601 714 1691 ἅμ’
735 1602 780 1673 cic
806 1603 1013 1695 άπολσίμην.

277 1714 344 1778 ibd.
366 1733 396 1795 p.
420 1715 459 1775 41
479 1716 541 1792 A,
574 1715 601 1778 Β
623 1733 682 1779 non
706 1717 790 1779 recte
811 1717 972 1781 sententia
993 1715 1243 1802 distinguuntur;

177 1822 312 1904 primum
340 1820 422 1884 enim
453 1821 518 1885 haec
544 1821 683 1905 legitime
712 1821 897 1887 absolvitur:
934 1823 1007 1888 ἐπεὶ
1039 1830 1159 1911 ἔμοιγε
1187 1825 1238 1889 ecl

176 1923 266 2012 αὐτῷ
288 1923 478 2012 θαυμαστά
501 1923 546 1993 άν
567 1931 621 2012 εἴη
648 1922 671 2012 ἦ
693 1924 852 2014 διατριβή
877 1922 1025 2004 αάτάδι,
1056 1924 1165 1996 ὁπότε
1187 1937 1240 1996 ἐν·

176 2030 311 2120 τύχοιμι
333 2029 539 2120 ΙΙαλαμ,ε,’δο;
563 2036 617 2100 καὶ
640 2036 766 2101 Αἴαντι
790 2083 798 2099 .
822 2084 829 2098 .
852 2084 877 2116 .,
902 2029 1239 2122 άντιτοαραβάλλοντι

176 2136 218 2206 τά
242 2141 393 2223 ἐμαυτοῦ
415 2135 517 2226 πάδη
539 2139 626 2224 τιμάς
648 2137 689 2207 τά
701 2135 855 2206 ἐκείνων.
888 2139 1239 2228 Hlitflrindeproxime

176 2247 353 2330 adiungitur
378 2248 443 2311 haec
466 2248 673 2313 confirmatio:
703 2242 747 2321 οἷς
770 2241 832 2334 ἐγά
856 2246 966 2331 οἶμαι,
988 2241 1051 2314 oria
1074 2242 1120 2315 άν
1142 2242 1246 2335 άηδέε

176 2355 238 2438 εἴη,
260 2354 310 2418 vel
331 2353 434 2435 potius
456 2373 526 2418 cum
548 2355 666 2437 aliquot
686 2354 770 2418 codd.
796 2362 864 2432 (nec
877 2356 982 2420 tamen
999 2354 1108 2438 Oxou.)
1133 2350 1242 2443 άηδής

177 2456 211 2544 (ἦ
244 2454 418 2543 διατριβή)
453 2463 514 2544 εἴη.
569 2460 650 2524 Tum
681 2461 819 2524 formulae
845 2462 900 2527 καὶ
933 2455 974 2546 δή
1007 2460 1045 2525 τά
1079 2467 1241 2551 μέγιστον

176 2573 255 2650 (quae
278 2566 465 2649 appositione
486 2565 630 2630 adiuncta
651 2568 847 2649 preponitur)
870 2586 943 2632 usus
965 2569 1151 2650 pervertitur
1170 2591 1241 2636 sen·

175 2672 274 2736 tentia
305 2674 377 2754 post
410 2678 479 2738 ἔστι
509 2665 538 2737 δ’
571 2666 613 2738 co’
645 2673 821 2750 terminata,
857 2675 892 2737 ut
925 2673 969 2738 sic
1000 2674 1142 2759 intellegi
1176 2677 1243 2742 haec

175 2779 321 2842 debeant:
359 2781 413 2845 καὶ
450 2773 491 2863 δή
524 2778 562 2844 τά
595 2781 757 2866 μέγιστον
786 2783 879 2856 (ἐστι)
911 2772 993 2851 τοάς
1016 2783 1084 2843 ἐκεῖ
1107 2773 1243 2859 ἐξετάζ-

175 2910 289 2950 οντα.
315 2932 322 2947 .
349 2930 355 2943 ·
386 2881 525 2972 διάγειν.
602 2886 728 2951 Sublato
762 2884 798 2950 δέ
827 2887 899 2968 post
926 2887 982 2951 ἐπὶ
1010 2877 1122 2970 πόσῳ,
1159 2885 1239 2970 quod

174 2991 299 3074 propter
320 2991 419 3072 ipsam
441 2991 520 3056 hano
541 2993 819 3076 interpunctionem
840 2988 981 3054 additum
1006 2991 1068 3067 est,
1100 2992 1146 3056 sic
1168 3011 1239 3057 con-

174 3097 322 3165 tinuanda
336 3098 432 3162 oratio
445 3102 508 3164 est:
532 3102 586 3165 καὶ
611 3095 651 3184 δή
674 3091 712 3164 τά
728 3091 904 3183 μέγιστον,
927 3089 1008 3168 roric
1027 3101 1095 3161 ἐκεῖ
1108 3092 1239 3178 ἐξετάζ-

175 3229 256 3268 οντα
281 3205 335 3268 ιιαὶ
360 3206 547 3286 ἐρευνῶντα
575 3256 610 3270 ..
636 3252 642 3265 .
666 3199 808 3291 διάγειν,
831 3201 883 3273 τίς
906 3194 1019 3266 αὐτῶν
1041 3196 1147 3288 σοφός
1169 3210 1237 3270 ἐστι

175 3312 229 3375 καὶ
251 3311 303 3383 τίς
325 3314 431 3376 οἴεται
453 3316 535 3395 μὲν,
565 3318 633 3376 ἐστι
658 3304 688 3375 δ’
719 3307 771 3384 οὔ,
805 3309 861 3372 ἐπὶ
894 3304 988 3393 πόσῳ
1018 3305 1062 3374 άν
1088 3334 1140 3384 τις
1164 3358 1172 3373 .
1197 3358 1237 3376 ..

175 3418 302 3492 δέξαιτο
327 3413 477 3494 ἐξετάσαι
502 3413 563 3481 τάν
585 3418 641 3481 ἐπὶ
669 3417 798 3499 Τροίαν
820 3407 993 3499 άγαγόντα
1016 3410 1082 3500 τήν
1105 3410 1239 3500 πολλήν

174 3521 335 3606 στρατιάν
366 3523 389 3609 ἢ
422 3518 589 3591 Ὀδυσσέα
617 3569 626 3584 .
650 3570 657 3584 .
685 3569 693 3586 .
722 3532 906 3609 γοναῖκαςε
949 3520 1063 3605 Incipit
1096 3520 1238 3587 Socrates

174 3630 313 3694 universe
335 3631 372 3694 de
401 3631 465 3696 toto
490 3650 620 3715 genere:
649 3620 843 3708 ἐξετάζοντα
870 3621 1019 3713 διάγειν,
1047 3626 1158 3692 deinde
1184 3646 1240 3711 pro

174 3737 332 3800 sententiae
353 3738 435 3802 exitu
456 3737 571 3803 adhoc
592 3735 715 3800 initium
730 3732 957 3798 accommodato
984 3733 1052 3812 (ccl
1075 3727 1177 3822 πόσῳ
1194 3731 1237 3800 άν

174 3864 225 3911 τις
248 3834 377 3917 δέξαιτο
384 3845 410 3927 3)
429 3843 541 3909 transit
564 3843 602 3908 ad
624 3841 759 3925 singulos
782 3838 1074 3904 commemorandos.

275 3946 392 4015 Criton.
414 3972 445 4034 p.
467 3951 509 4011 44
533 3950 575 4013 B:
609 3940 695 4012 άλλά
719 3947 816 4032 χωρὶς
838 3948 902 4026 μὲν
928 3946 990 4010 nor]
1012 3939 1237 4032 ἐστερήσομαι
