2580 4530
202 291 264 358 550
627 291 686 348 Lib.
704 291 752 348 IV.

159 492 270 559 Sosin:
298 494 432 558 πλεῑται
456 483 663 576 προσλαβόν
684 517 730 557 τε
753 487 816 559 τόν
838 541 846 558 .
870 540 879 558 .
902 546 908 560 .
932 489 1098 562 Κόλαπιν
1120 499 1222 580 coppi.

159 624 188 663 τ.
212 602 249 664 Δ.
293 598 450 673 (Πλεῑται
472 597 536 663 inm
558 597 691 675 Corace.)
1137 642 1141 649 .

261 701 331 768 Ibd.
369 704 429 767 317
463 704 504 782 (5,
541 705 610 782 10):
647 697 792 770 άλεεινοί
825 706 860 772 δὲ
895 707 950 772 καλ
973 700 1221 793 χρηστόκαρποι

160 802 297 888 ὁμοίως.
359 809 482 876 Excidit
515 810 742 877 substantivum
782 812 913 903 subiecti
965 813 1070 879 locum
1107 813 1221 878 tenens.

159 913 283 978 Fuitne:
296 909 544 1001 χρηστόκαρπσι
556 909 725 981 οίτόπσι
741 909 889 1001 όγιοίισςΡ
908 917 970 984 cfr.
981 938 1013 1001 p.
1025 919 1088 981 318
1100 920 1142 998 (5,
1156 919 1222 992 ln:

161 1022 228 1085 τόν
251 1046 328 1105 περι
320 1015 573 1088 Κάλλατιν
596 1018 753 1096 ,τόπαπ
776 1024 807 1089 55
828 1044 857 1109 p.
879 1023 942 1087 320
964 1025 1013 1104 (6,
1037 1026 1089 1103 2):
1119 1017 1222 1091 πλεό-

161 1146 283 1201 σαντες
303 1123 382 1203 τούς
404 1123 541 1202 τόπους.

261 1231 416 1298 155351
447 1237 495 1319 (7,
526 1236 573 1309 1);
607 1260 660 1299 ττι
676 1259 801 1318 μεντοι
827 1236 960 1319 μᾶλλον
982 1230 1224 1320 πρότερονν
1176 1242 1224 1317 (ἐν

160 1340 323 1423 πλευραῖς
344 1330 443 1423 ἦσαν)
466 1335 488 1425 ἢ
512 1341 588 1414 νόν,
610 1337 699 1407 ὅπου
720 1365 759 1426 γε
789 1368 841 1407 και
866 1343 926 1425 τῆς
949 1347 986 1407 ἐν
1007 1342 1053 1428 τῷ
1078 1335 1221 1426 παρόντι

159 1439 324 1519 Ελλάδος
347 1440 592 1519 άναντιλίκτως
614 1442 717 1531 οὕοτγς
748 1473 813 1532 την
841 1442 974 1568 πολλην
998 1453 1030 1514 ολ
1051 1442 1222 1533 βάρβαροι

161 1560 281 1638 ἔχουσι.
338 1553 468 1619 Senon
468 1573 498 1618 15
519 1550 699 1634 flagitato
703 1575 790 1638 χον
827 1552 888 1619 nisi
916 1551 1108 1641 bitfflpuovo
1140 1549 1224 1641 flcio·

159 1663 270 1743 βαροι.
313 1659 425 1723 Nom
416 1679 448 1724 1n
471 1653 595 1741 optimis
617 1659 771 1724 codicibus
792 1660 883 1743 plone
905 1661 993 1727 abest
1012 1657 1153 1729 verbnm.

260 1764 328 1830 ibd.
356 1764 417 1827 322
440 1767 499 1842 (7,·
520 1764 569 1843 3);
604 1756 678 1830 ἄλλ’
705 1759 1073 1851 ἐνοτρατοπεδεόουοιν
1094 1763 1224 1842 αὐτοῖς

161 1871 294 1954 (populis
316 1871 493 1954 Epiroticis)
515 1864 682 1955 Ῥωμαῖοι
704 1885 776 1946 τοῖς
797 1875 920 1950 οἴκοις,
950 1879 1222 1948 κατασταθέντες

160 1971 220 2045 ὑπ’
242 1971 356 2044 αὐτῶν
379 1975 552 2044 δυνάσται.
595 1978 750 2045 Ridicule
765 1979 895 2045 Romani
922 1979 960 2045 ab
986 1979 1062 2064 ipsis
1090 1981 1225 2065 Epirotis

161 2078 323 2150 δυνάσται
360 2085 519 2149 constituti
553 2103 619 2148 esse
646 2084 789 2149 dicontur
820 2092 874 2163 (—
904 2084 1036 2151 debebat
1061 2087 1222 2154 δεσπόται

161 2190 252 2255 scribi
283 2191 352 2272 -);
385 2209 441 2253 nec
468 2191 607 2255 Romana
632 2191 773 2274 presidia
797 2190 831 2253 in
858 2189 997 2257 domibus
1026 2199 1224 2280 ἐνεστρατο-

161 2297 323 2372 πέδευον,
358 2295 413 2360 sed
445 2297 546 2360 castra
570 2296 731 2361 55555555.
791 2295 1005 2362 Scribendnm:
1042 2305 1226 2385 ἐνστρατο-

161 2394 370 2468 πεδεόουσιν.
397 2394 531 2475 αὐτοῖς,
569 2415 636 2466 τοι·
644 2426 662 2475 ς
695 2403 736 2468 δὲ
766 2405 920 2467 οἰκεῖοι
950 2413 1226 2482 κατασταθέντες

160 2503 222 2575 ὑπ’
245 2501 358 2574 αὐτῶν
380 2502 542 2578 δυνάσται
564 2506 737 2582 (domestici
759 2509 896 2592 dynastes
919 2512 951 2574 et
970 2513 1096 2596 reguli).

262 2614 406 2678 155323
420 2613 464 2693 (7
480 2617 529 2688 4);
551 2606 719 2678 Εἶτ”από
733 2619 808 2735 γιὲν
829 2608 1069 2739 ’,ιΑιβρακικου
1095 2597 1223 2686 κόλπου

161 2715 201 2785 τά
234 2745 377 2786 νευοντα
391 2720 517 2805 ἐφεξῆς
539 2713 624 2802 πρός
646 2728 685 2784 ἕω
708 2746 748 2791 τα
773 2715 1049 2808 α’ντιπαρήκοντα
1083 2727 1127 2813 τῇ
1150 2729 1223 2793 Πε-

162 2819 361 2912 λσπσννκου
389 2827 450 2910 τῆς
482 2819 646 2899 Ελλάδος
678 2829 784 2893 ἐστίν
821 2822 881 2893 εἶτ’
913 2831 1069 2897 ἐκπίπτει
1104 2836 1153 2906 εἰς
1186 2826 1222 2898 τό

162 2937 309 3020 Αἰγαῖον
336 2933 482 3018 πελαγος
510 2923 772 3000 απολιπόντα
757 2957 794 2997 εν
822 2935 909 3019 δεξιᾷ
943 2932 1007 3020 τήν
1044 2932 1224 3004 Πελοπόν-

161 3066 266 3125 νησον
288 3037 380 3122 ὅλην.
417 3039 485 3104 Hoc
496 3059 531 3104 ex
544 3040 692 3105 Plethonc
704 3042 872 3122 sumptum,
893 3043 945 3124 qui
967 3044 1021 3107 555
1041 3043 1224 3128 interpolato

137 3150 263 3224 codice
291 3165 367 3238 Ι5555
400 3147 447 3210 555
480 3150 534 3210 aut
564 3147 631 3229 ipsc
664 3146 767 3211 locum
804 3146 1009 3231 interpolavit.
1067 3150 1226 3218 Strabonis

160 3252 294 3321 codices:
332 3245 392 3319 εἶτ’
431 3253 586 3317 ἐκπίπτει
628 3253 690 3318 τοὺ
728 3253 878 3339 Αἰγαίου
914 3251 1101 3342 πελάγους,
1147 3256 1225 3340 qnod

162 3381 198 3426 ex
239 3359 292 3425 inc
326 3360 428 3424 ortum
468 3378 535 3424 esse
576 3359 697 3441 nequit.
744 3359 961 3432 Scribendumz,
1003 3363 1096 3427 ἐστὶν
1135 3355 1224 3428 οὐδ’

162 3469 318 3534 ἐκπίπτει
351 3465 413 3531 τοὺ
435 3464 585 3552 Αἰγαίου
606 3459 793 3551 πελάγους,
826 3460 1042 3533 α’πολιπόντα
1075 3494 1105 3533 κ.
1130 3495 1161 3534 τ.
1184 3472 1226 3544 λ.,

160 3596 221 3636 και
242 3571 354 3635 excedit
374 3569 631 3654 marcAEpoecm,
653 3591 711 3636 non
722 3573 804 3637 ultra
817 3573 1021 3640 meridianum
1042 3575 1109 3640 eius
1130 3576 1225 3640 finem

161 3679 301 3745 excurrit.
337 3678 384 3742 De
407 3676 586 3743 ἐκπίπτειν
607 3677 661 3742 cfr.
690 3678 722 3741 Il
746 3698 776 3761 p.
800 3680 839 3740 72
862 3678 917 3744 555
931 3680 984 3743 fin.
1007 3682 1047 3758 (l,
1073 3681 1135 3759 14).

260 3785 327 3849 Ι55.
348 3786 409 3848 325
432 3786 478 3864 (7,
507 3784 553 3861 6):
581 3775 618 3848 τό
656 3810 692 3849 τε
719 3789 996 3852 κατασκευασθὲν
1024 3790 1166 3869 τέμενος
1188 3792 1226 3854 ἐν

160 3891 205 3975 τῷ
234 3891 437 3977 προαστείῳ,
474 3885 511 3955 τό
541 3894 605 3974 μὲν
634 3938 642 3954 .
673 3936 712 3956 ..
742 3897 778 3956 ἐν
806 3889 899 3957 σ’ίλοει
930 3943 936 3956 .
966 3939 973 3954 .
1004 3938 1025 3967 .,
1058 3888 1097 3958 τό
1131 3895 1165 3958 δὲ
1189 3898 1224 3958 ἐν

160 3995 204 4082 τῷ
234 3988 467 4085 όπερκειγιίνῳ
497 3997 558 4064 τοὺ
579 3994 702 4071 ἄλσους
738 4000 813 4085 ἱερῷ
850 3992 950 4084 λόφῳ.
994 3997 1073 4064 Son:
1102 3993 1155 4065 τοί
1188 4026 1239 4065 τε.

161 4107 556 4171 κατασκευασθέντι
591 4107 715 4189 τεμένη
744 4111 779 4170 ἐν
801 4107 845 4190 τῷ
875 4103 1073 4188 προαστείῳ.
1128 4106 1224 4172 Panlo
