2580 4530
79 282 86 298 ·
136 226 144 239 ’
217 266 257 327 sa
654 264 714 319 nn.
733 266 769 320 1.w
809 252 812 257 ·

42 505 46 542 ;
175 463 273 527 monti
294 465 381 527 motu
402 463 434 527 et
453 462 573 529 incitati
595 463 690 528 animi
703 460 942 545 perturbatione,
966 462 1242 543 nonensem).

174 568 267 651 Apud
289 567 437 633 Senecam
455 569 544 650 epist.
561 569 611 650 90,
634 567 803 665 bdsditur:
835 586 907 631 non
931 566 1140 653 dedecoros
1161 585 1242 637 eor-

174 673 280 758 poris
312 677 440 749 motuq
472 676 638 758 (sapientia
673 675 754 760 omit
785 675 839 738 aut
865 673 979 755 offsoit)
1003 691 1081 737 neo
1111 672 1241 761 variqs

174 800 240 862 pter
278 781 409 845 tnbom
445 799 489 845 aa
520 780 657 852 tibiam
694 780 851 864 santus,
882 778 1017 862 qnibus
1055 778 1241 870 exceptus

174 880 343 969 spiritus
372 888 439 951 aut
463 886 502 949 in
525 887 630 971 exitu
652 887 773 951 autin
795 885 968 950 transitu
989 884 1181 950 formatur
1202 885 1240 949 in

174 1011 310 1058 vocem.
360 991 508 1057 Mirifioos
529 1011 601 1058 vero
624 994 730 1057 oantus
743 992 916 1070 retentus
938 1009 1003 1081 per
1023 991 1155 1069 tibiam),
1170 991 1241 1075 qui-

175 1097 233 1162 bus
257 1098 425 1180 exeipiatur'
446 1098 572 1179 spiritus
597 1099 628 1162 et
648 1098 807 1167 invocem
828 1098 998 1163 formaturi·
1026 1094 1166 1178 Apparet
1184 1096 1240 1161 de·

174 1204 396 1286 soribipartem
418 1203 616 1280 instrumenti
632 1205 743 1268 musioi
760 1204 911 1288 spiritum,
934 1201 1136 1286 quoiniletur,
1157 1203 1241 1268 enoi-

104 1360 106 1367 1
175 1309 290 1392 pientis
308 1312 340 1373 et
360 1308 392 1372 in
416 1328 521 1377 vocem
544 1308 803 1375 transformantis.
825 1311 866 1374 llt
887 1310 931 1375 sio
955 1308 1089 1393 quidem,
1115 1309 1151 1372 ut
1171 1307 1240 1372 edi-

173 1417 233 1491 tur,
254 1401 347 1479 aeteri
369 1414 487 1483 oodioes
510 1434 616 1479 omnes
638 1415 742 1497 (modo
766 1417 802 1480 de
822 1410 960 1480 omnibus
982 1417 1064 1478 reete
1085 1413 1238 1497 taceatur)
1272 1433 1277 1439 ·

164 1519 308 1602 ‘habent
340 1521 406 1585 sed
442 1521 474 1584 in
507 1521 720 1605 antiquissimo
752 1520 974 1605 Bambergensi
1005 1538 1061 1602 pro
1096 1518 1239 1584 oantus

173 1625 318 1708 quibus
339 1629 387 1691 est
409 1627 668 1710 santisaliqui
690 1628 837 1710 quibus.
879 1627 1027 1692 Detraeto
1049 1625 1126 1709 qni,
1156 1625 1240 1708 quod

174 1725 369 1815 exquibus
392 1734 493 1798 ortum
515 1734 573 1811 est,
597 1735 696 1799 restat
717 1732 922 1809 eantisali,
958 1732 1061 1797 idest
1087 1730 1238 1795 canalis

98 1872 101 1877 ·
173 1837 315 1920 (varios
345 1857 411 1920 per
441 1824 573 1905 tubam
597 1858 639 1904 ao
661 1840 803 1906 tibiam
824 1839 989 1916 canalis,
1022 1837 1158 1930 quibus
1180 1854 1238 1900 en·

172 1940 309 2026 ceptris
332 1945 414 2026 eet),
437 1944 474 2008 de
497 1965 555 2027 quo
577 1947 694 2012 Seneca
715 1947 781 2030 ipse
802 1944 920 2013 vetabit
941 1961 1125 2026 quemquam
1147 1941 1238 2007 dnbi-

60 2077 62 2080 <
171 2052 252 2131 tare,
289 2050 378 2131 epist
401 2051 476 2127 108,
505 2050 545 2112 10
567 2053 611 2116 sio
632 2053 783 2118 scribens:
820 2051 987 2134 spiritus
1009 2048 1140 2112 noster
1162 2047 1238 2111 ela-

171 2155 313 2220 riorom
344 2175 477 2220 sonum
504 2157 649 2235 reddit,
684 2177 767 2223 oum
794 2159 905 2222 illum
931 2155 1026 2220 tuba
1046 2170 1111 2234 per
1131 2150 1238 2235 longi

173 2260 329 2324 canalis
351 2264 556 2344 angustias
572 2265 748 2340 ¹traotum
770 2262 994 2345 patentiore
1012 2258 1237 2323 novissime

172 2366 275 2428 exitu
308 2365 458 2432 offudit.
506 2368 566 2433 Sed
599 2388 773 2451 quanquam
803 2367 897 2433 codex
923 2365 1031 2430 Bamb.
1060 2365 1099 2431 ad
1128 2383 1236 2429 verum

171 2469 389 2535 inveniendum
418 2472 468 2536 bio
493 2473 552 2536 dux
572 2473 646 2549 fuit,
678 2474 783 2538 tamen
805 2493 841 2537 aa
862 2472 1009 2555 vestigia,
1040 2490 1107 2554 quae
1128 2469 1160 2533 in
1186 2480 1236 2534 oe-

170 2576 245 2640 teris
267 2577 358 2658 plane
380 2578 489 2642 obruta
510 2578 538 2641 is
561 2579 707 2656 servavit,
730 2579 805 2643 adeo
827 2581 900 2643 sunt
920 2578 1026 2643 tenuia
1048 2579 1079 2642 et
1100 2577 1235 2653 oonlirsa,

171 2681 207 2744 ut
237 2682 338 2746 simul
354 2681 403 2746 bio
429 2683 515 2747 loeus
539 2683 722 2748 documento
748 2704 814 2750 esse
835 2685 942 2766 possit,
965 2702 1057 2767 quam
1079 2684 1144 2757 sint
1163 2703 1236 2767 gra-

169 2787 260 2852 vibus
289 2788 411 2852 mendis
440 2790 525 2854 nulla
553 2809 612 2855 non
633 2773 746 2875 pagina
777 2791 869 2857 obsiti
891 2789 1011 2873 antiqui
1033 2792 1064 2854 et
1081 2789 1163 2854 inter
1183 2806 1235 2852 oa·

169 2895 252 2958 toros
275 2893 386 2974 optimi
408 2893 530 2960 Seneoae
552 2897 680 2961 eodioes.

209 3078 212 3083 .
255 2998 372 3064 Distnli
397 3018 491 3083 supra
513 3003 704 3087 singularem
725 3001 966 3086 interpolationis
987 3001 1135 3077 formam,
1168 3019 1235 3082 qnae

168 3107 295 3172 oonstat
316 3105 478 3171 verborum
502 3107 574 3173 data
597 3127 689 3192 opera
711 3109 889 3186 adiectione,
912 3108 1075 3191 cognatam
1097 3126 1166 3173 oum
1188 3105 1236 3169 al-

167 3213 237 3277 tem
266 3210 544 3277 additamentorum
575 3233 705 3298 genere,
738 3222 805 3298 quse
828 3235 928 3281 errore
951 3234 987 3279 ex
1007 3213 1144 3295 margine
1166 3232 1237 3277 sus·

167 3321 261 3401 ospta
291 3320 381 3393 sunt,
395 3399 400 3411 ἱ
414 3321 446 3383 et
474 3318 519 3383 ita
546 3318 647 3405 speeie
674 3322 824 3399 similem,
855 3324 890 3386 ut
902 3320 1073 3391 interdum
1087 3318 1237 3403 distingui

84 3468 88 3472 -
168 3428 314 3508 nequeat.
357 3424 465 3507 Neque
497 3424 580 3489 enim
601 3445 670 3490 raro
696 3426 822 3504 librarii,
845 3426 929 3509 quod
948 3426 1002 3489 aut
1022 3425 1167 3488 rariorem
1188 3425 1236 3489 lo-

103 3604 106 3609 ,
168 3529 287 3613 ‹quendi
315 3530 447 3596 formam
478 3550 538 3595 non
569 3530 788 3613 expediebant,
822 3533 876 3596 aut
897 3532 1057 3597 sententiae
1078 3531 1236 3594 oohaeren-

168 3637 250 3713 tiam
288 3640 555 3720 membrorumque
590 3638 831 3701 coniunctionem
867 3641 900 3704 et
936 3638 1180 3702 distributionem
1204 3640 1236 3700 et

502 3912 508 3947 l

190 3974 215 4040 ²)
244 3976 321 4030 Hano
340 3974 552 4031 emendationem
570 3972 647 4044 poeni
664 3972 693 4024 in
712 3970 853 4026 annalibus
872 3970 967 4042 philol.
986 3970 1094 4023 Daniois
1113 3971 1136 4024 V
1155 3987 1181 4040 p.
1201 3972 1234 4027 17

176 4072 187 4097 ⁸
240 4071 270 4123 et
290 4071 350 4124 158.
453 4142 458 4149 .
