2580 4530
595 301 655 359 Lib.
673 301 725 358 III.
1086 301 1148 366 405

127 506 231 589 copula
253 504 486 576 sententiarum,
508 503 748 585 necquicquam
769 502 846 567 illud
870 492 911 570 οὗ
932 498 995 588 χρή
1019 551 1025 564 .
1049 549 1057 564 .
1080 504 1190 586 ,pui-

127 620 250 678 νιοθοιι
273 611 409 677 continet
432 610 493 675 nisi
514 608 623 691 quod
613 626 645 671 1u
661 608 706 673 alt
707 626 759 673 era
776 627 829 674 seu
830 608 928 674 tentis
943 608 1068 686 dicitur;
1090 608 1190 675 multo

125 717 235 783 saltem
249 718 364 785 rectius
384 716 567 783 scriberetur
532 717 660 780 ιιῑτκαὶ
683 704 994 802 εὐσχημονέστερον
1016 698 1186 789 ἐνταῦθα,

125 811 163 890 οὗ
184 819 260 909 ἅμα
286 825 340 890 καὶ
363 814 551 906 δεινότερος
572 847 600 886 ο.
625 828 649 886 ἐ.
674 835 828 907 φανεῖται
849 812 880 887 d.
900 847 930 886 ο.
956 848 983 885 a.
993 821 1018 898 ¹)

221 929 291 996 Ibd.
326 949 356 1012 p.
382 930 440 992 195
466 929 489 995 O
518 948 554 994 ex
586 927 680 993 Oxou.
722 936 766 1006 (τι
794 928 960 994 τοσοῦτον
993 919 1125 1011 δήπου)
1152 930 1186 992 et

124 1035 230 1101 ceteris
255 1040 319 1116 (τοι
342 1036 517 1114 τοσοῦτον)
537 1034 615 1099 nihil
636 1035 720 1099 aliud
742 1033 890 1112 efficitur,
917 1035 992 1099 uisi:
1021 1038 1053 1098 οἱ
1080 1034 1112 1099 δὲ
1136 1028 1185 1097 ad

122 1142 288 1208 τοσοῦτον
310 1135 422 1228 δήπου
443 1137 555 1224 μόνον
576 1141 701 1204 ἴσασιν.
927 1150 931 1163 “

219 1247 346 1332 Lysidis
359 1243 620 1332 nantuacus:
643 1250 744 1314 Δοκεῖ
765 1246 801 1312 ds'
824 1271 875 1312 σοι
902 1239 1074 1332 εὐδαίμων
1097 1246 1184 1312 οἶνοι

122 1352 167 1421 (ἓν
189 1347 441 1438 ἄνθρωνοος..
467 1381 524 1439 ῳ
514 1343 661 1436 μηδὲν
676 1355 762 1438 ἐξείη
785 1369 898 1420 ποιοῦν
917 1343 967 1419 niv
989 1361 1185 1439 ἐπιθομοῑς

121 1461 154 1525 Iu
176 1461 335 1528 codicibus
362 1459 464 1526 omitr
439 1457 563 1525 ti''tur
542 1486 600 1536 ον,
634 1478 694 1543 qno
723 1478 781 1526 nou
801 1461 913 1527 addito
943 1463 1029 1545 pravi
1050 1459 1181 1586 optativi

120 1567 200 1633 suut.
244 1566 305 1634 Otr.
328 1567 367 1632 ad
388 1566 575 1651 Eut.hydp
601 1566 722 1631 299A.

217 1673 286 1738 Ibd.
307 1673 459 1756 p.:211Pu
481 1673 577 1758 odeat
601 1673 647 1744 δὲ,
671 1670 713 1756 νή
736 1671 798 1738 τόν
820 1664 919 1749 κύνα,
940 1665 1120 1755 μᾶλλον
1096 1697 1117 1756 η
1142 1667 1182 1738 ad

119 1783 266 1864 Δαρείου
287 1780 424 1867 χρυσίον
456 1773 653 1863 κτήσασθαι·
682 1776 846 1866 δοξαίμήν
879 1775 970 1846 πολι)
1008 1774 1180 1865 πρότερον

119 1894 267 1974 autnon,
289 1888 423 1971 μᾶλλον
445 1881 468 1972 ἢ
490 1881 596 1954 αὐτόν
618 1891 773 1972 Δαρεῖον.
818 1886 982 1952 Postrema
1002 1885 1067 1951 haec
1088 1902 1181 1950 seusu

118 2011 222 2071 cassa3
247 1995 355 2059 eadem
377 1993 555 2077 aptissima,
579 1994 606 2058 si
628 1995 676 2071 (ut
696 1994 734 2058 de
756 2013 821 2077 rep.
842 1992 902 2057 VH
923 2013 951 2076 p.
971 1992 1031 2055 529
1054 1989 1077 2056 C
1100 1986 1121 2075 ἢ
1145 1996 1182 2057 ἐν

117 2098 150 2165 οἱ(
171 2103 251 2184 μὲν)
277 2120 313 2166 ex
339 2101 473 2184 μᾶλλον
494 2101 602 2168 feceris
624 2094 649 2185 ἧ
672 2097 790 2166 ditos:
825 2108 976 2183 ἑταῖρον,
1005 2092 1027 2183 ἢ
1049 2096 1071 2164 ίί
1080 2101 1181 2165 λλον

115 2199 137 2290 ἢ
159 2199 269 2273 αὐτόν
291 2211 445 2290 Δαρεῖον.
493 2208 599 2272 Iocose
621 2208 759 2273 Socrates
781 2207 863 2272 hunc
891 2207 991 2290 ipsum
1010 2194 1054 2273 'se'
1070 2225 1181 2288 accep-

111 2311 216 2377 tumm
239 2313 373 2378 amicum
395 2312 478 2378 dicit.

211 2418 280 2486 Ibd.
302 2441 332 2502 p.
356 2419 417 2481 213
439 2420 483 2482 E:
510 2411 588 2508 ᾐδὲ
615 2417 834 2506 sconouwen,
861 2421 952 2487 douai
972 2446 1033 2503 μοι
1056 2419 1177 2504 χρῆναι.

111 2526 208 2598 ἰέναι,
233 2527 427 2592 ονοποννοα
441 2524 525 2592 κοινοί
538 2524 619 2601 socia
632 2524 800 2614 masnade-¹
827 2528 950 2611 Opinor,
973 2528 1179 2593 σκοποῦν·

110 2655 193 2704 τας.
251 2631 429 2699 Necessario
466 2634 547 2698 euim
578 2636 723 2719 Lysidem
754 2636 896 2701 Socrates
933 2633 1173 2714 comprehendit.

109 2737 167 2815 (De
190 2757 220 2819 p.
244 2739 302 2798 214
326 2739 354 2802 D
377 2740 494 2804 dictum
516 2762 546 2824 p.
569 2742 631 2804 403
653 2743 691 2807 ad
714 2741 869 2807 Charmid.
891 2762 920 2824 p.
946 2740 1004 2802 156
1026 2741 1082 2818 Β.)
1168 2795 1172 2800 ,

210 2843 279 2908 Ibd.
301 2864 329 2925 p.
353 2846 413 2907 219
435 2847 477 2910 B:
508 2850 548 2912 ἐῶ
576 2851 723 2933 χαίρειν,
754 2851 807 2916 καὶ
836 2849 898 2913 τοὺ
926 2841 1049 2930 ὁμοίοο
1072 2873 1110 2932 ys
1134 2841 1175 2911 ‘cd

108 2945 233 3035 ὅμοιον
257 2951 356 3032 φίλον
378 2954 541 3039 γίγνεται.
591 2955 789 3020 Scribendum
819 2954 953 3018 videtur:
982 2945 1012 3037 γ’
1040 2949 1104 3017 ὅτι
1134 2951 1174 3018 τό

107 3055 242 3142 ὅμοιον.
287 3058 345 3122 Vin
367 3059 448 3123 enim
471 3061 729 3144 exsuperioribus
751 3062 834 3124 recte
856 3057 987 3122 auditur.

108 3205 144 3213 ι-
161 3207 169 3212 .

132 3280 155 3346 ¹)
174 3281 208 3337 In
227 3283 389 3346 transcursu,
409 3300 443 3337 ue
460 3284 511 3338 hoc
529 3293 633 3353 quoque
649 3285 721 3338 inter
734 3284 854 3353 exempla
865 3282 983 3352 graviter
1000 3281 1174 3351 interpolata

176 3375 207 3427 in
233 3373 312 3426 libris
328 3376 476 3430 Platonicis
501 3379 638 3446 scriptura
661 3381 824 3441 numeretur,
844 3375 940 3431 deinde
957 3373 1015 3428 iure
1033 3374 1170 3442 explosum

174 3466 289 3536 reliquis
310 3469 457 3524 verioribus
475 3470 591 3533 officiat,
616 3471 675 3525 dico
693 3488 719 3540 p.
739 3473 789 3528 187
808 3471 831 3524 Ε
856 3485 964 3539 pravam
989 3482 1047 3520 esse
1065 3468 1169 3521 coniec-

177 3568 269 3616 turam
282 3562 429 3616 Hommelii
441 3562 475 3617 ab
488 3564 641 3618 Hermanno
653 3567 795 3634 receptam,
812 3565 842 3618 in
861 3579 940 3632 quam
952 3576 1007 3614 uon
1019 3559 1167 3627 incidisset,

175 3669 230 3708 nou
256 3653 329 3715 dico,
352 3654 375 3707 si
398 3655 556 3723 cogitasset,
584 3657 650 3726 quid
670 3660 741 3712 esset
765 3656 855 3712 Gracc
876 3642 983 3726 γυναικὶ
1003 3652 1169 3722 πλησιάζειν,

174 3745 223 3800 sed
243 3746 379 3809 simodo,
411 3747 476 3815 qnid
499 3749 544 3803 hio
565 3749 671 3804 feminae
695 3750 855 3820 comparatio
880 3749 913 3803 ad
936 3764 992 3802 rem
1011 3734 1167 3816 pertineret.

173 3837 215 3892 Ne
235 3838 349 3908 Sauppii
367 3839 476 3909 quidem
500 3842 529 3912 ἴῃ
552 3842 658 3911 probari
685 3846 774 3913 potest
798 3845 906 3912 propter
929 3840 1051 3896 additum
1076 3836 1167 3906 ὥσπερ

170 3932 252 4000 γένει.
295 3932 410 3987 Videtur
437 3935 552 4004 scriptor
578 3952 632 3990 non
662 3933 804 3990 admodum
832 3933 969 4003 perspicus
1000 3950 1048 3988 nec
1078 3932 1166 4002 lepida

172 4024 337 4095 siguificare,
358 4029 389 4080 ut
407 4030 507 4081 ceteros
519 4029 685 4099 cognatione,
705 4029 744 4083 sic
763 4027 901 4082 Socratem
919 4042 980 4082 cum
998 4027 1060 4082 aliis
1078 4024 1167 4080 homi·

169 4118 253 4175 uibus
271 4119 343 4192 λόγῳ
361 4120 492 4189 copulari.
