2580 4530
551 270 611 326 Lib.
629 268 666 326 11.

494 468 618 567 ¹Gap.
640 469 687 534 11.
768 490 771 495 ·
841 488 844 499 ·

417 636 624 725 Emendationee
639 634 800 717 Euripiden.

171 791 220 857 Ilr
230 791 387 875 Euripidis
400 790 513 856 fabulis
528 791 637 856 notum
652 791 701 854 est
711 808 833 864 novem,
854 807 922 872 quse
944 787 1137 857 eontinentur

74 897 233 962 eodieibns
258 897 425 974 Marciano,
453 896 613 974 Validam,
639 896 821 973 Bounimai,
844 894 1006 960 certiorem
1026 894 1137 959 habere

75 1001 226 1069 hbrornm
244 1003 472 1076 auctoritatem,
494 1003 612 1068 oeteras
627 1002 801 1068 inferiorem
816 999 1138 1065 oodionm'Florontini

76 1111 107 1172 et
129 1108 269 1174 Palatini
297 1111 352 1175 aut
377 1108 472 1174 etiam
499 1108 625 1174 alterius
648 1109 785 1184 tantum,
814 1124 881 1190 qnae
904 1104 1082 1170 oonieotnrae
1103 1105 1140 1170 ut
1246 1149 1249 1153 -

76 1215 178 1280 locum
207 1233 288 1298 saepe
321 1215 391 1293 det,
425 1213 471 1280 ita
497 1213 732 1284 fundamentum
768 1205 938 1296 subtrahat.
996 1208 1138 1275 Tractari

76 1323 179 1386 autem
202 1320 281 1386 alias
303 1321 425 1404 saepius,
446 1321 608 1386 nonnullas
631 1320 726 1386 etiam
742 1317 919 1405 enarrando,
941 1316 1017 1382 abas
1039 1315 1139 1381 rarius

76 1427 136 1511 legi
158 1433 192 1492 et
213 1426 281 1492 sine
301 1427 357 1492 illo
378 1426 482 1492 omnia
495 1425 628 1491 rimandi
640 1424 851 1497 incitamento,
873 1442 910 1490 or
931 1441 989 1506 quo
1010 1441 1136 1489 numero

73 1536 166 1610 suut,
200 1552 267 1617 qnae
293 1533 402 1616 primae
429 1533 598 1598 offomntur
628 1531 801 1596 btterarum
823 1530 961 1595 ordinem
985 1528 1135 1612 sequenti.

74 1640 194 1722 Itaque,
216 1657 297 1716 oum,
320 1658 388 1723 quae
409 1639 554 1704 haberem
575 1639 608 1702 in
630 1636 818 1720 marginibus
834 1636 979 1700 annotata
1000 1636 1035 1698 nt
1056 1652 1137 1721 mea,

74 1763 164 1818 nuno,
190 1744 336 1810 adhibitis
347 1744 540 1822 Kirehhoffii‚
562 1743 703 1821 Nauehii,
726 1740 926 1809 G.Dindorfii
942 1726 1134 1814 editionibus,

74 1852 294 1935 perlustrarem
329 1857 413 1926 (nam
439 1849 609 1925 Malthini,
642 1867 702 1937 qua
728 1842 908 1913 olim'eram
936 1864 1024 1921 usus,
1057 1863 1137 1910 nune

72 1958 224 2040 inspicere
246 1955 346 2022 otium
366 1974 427 2020 non
448 1960 542 2033 erat),
570 1954 602 2018 in
621 1954 776 2020 Alcestide
798 1952 875 2016 nihil
894 1949 1029 2032 repperi,
1056 1949 1135 2032 quod

72 2083 132 2129 non
154 2063 236 2128 alins
257 2060 467 2145 praeripuissst
499 2061 606 2140 (etiam
634 2060 769 2133 minuta,
800 2059 837 2121 ut
865 2073 894 2120 v.
917 2055 977 2118 526
1006 2060 1040 2128 ἐς
1067 2048 1136 2119 τότ’

72 2188 127 2252 pro
151 2173 186 2241 ἐς
208 2160 280 2234 τόδ’
298 2167 534 2244 walthelmus,
569 2187 598 2232 v.
622 2152 682 2229 713
704 2163 843 2250 μείζονα
860 2153 1069 2246 ρῐο·μον’ζοο’
1091 2157 1135 2225 ἄν

72 2274 303 2354 sebastenum»,
324 2274 356 2337 in
379 2273 518 2355 proxima
539 2272 642 2337 fabula
662 2292 767 2336 unum.
857 2288 861 2295 ·

173 2377 329 2444 Androm·
352 2399 380 2445 v.
402 2379 479 2443 398:
524 2372 610 2463 α’τοῖρ
634 2381 667 2443 s'r'
694 2370 1006 2460 ruelr’w'ddpopeut,
1036 2372 1077 2440 τά
1106 2366 1136 2439 δ’

933 2487 968 2546 ἐν
991 2481 1093 2546 ποσὶν
1117 2512 1120 2519 ·

253 2583 315 2656 οὐκ
339 2584 499 2674 ἐξικμάζω
523 2595 577 2656 καὶ
601 2591 776 2678 λογίζομαι
801 2587 885 2656 κακά’
892 2617 903 2669 3

173 2697 235 2760 Pro
257 2690 431 2781 ἐξικμάζω,
460 2699 541 2781 quod
569 2703 745 2782 corruptum
768 2717 835 2763 esse
856 2697 991 2770 eonetst,
1026 2695 1136 2758 enoto

71 2806 177 2867 autem
189 2804 283 2868 verbo
296 2801 434 2884 ἐξετάζω
446 2805 546 2868 ortum
564 2823 631 2869 esse
644 2803 847 2885 improbabile
859 2803 915 2879 est,
940 2799 1133 2866 scribendum

71 2909 195 2974 videtur
217 2902 448 2994 ἐκλικμᾰζω
477 2911 606 2985 (ventilo
634 2911 665 2975 et
685 2909 841 2991 pondero).
893 2908 1029 2972 Verbum
1051 2925 1136 2971 oom-

70 3015 209 3087 positum
230 3015 313 3098 apud
332 3016 492 3081 inferiores
508 3015 634 3080 demum
648 3015 807 3096 reperitur,
829 3012 883 3078 sed
906 3013 1033 3095 λοιμοῖο
1054 3012 1134 3095 apud

71 3120 226 3204 antiquos,
248 3121 386 3206 λικμίζω
408 3121 488 3204 apud
505 3121 706 3205 Hesychium,
727 3119 778 3203 qui
801 3114 886 3201 α’λοᾷ
908 3119 1133 3199 interpretatur,

70 3226 106 3287 nt
128 3223 244 3305 opinor,
267 3246 321 3308 pro
345 3218 503 3310 λικμοὶζω.

175 3329 373 3398 Baccharum
404 3354 433 3397 v.
456 3332 532 3410 270,
559 3334 636 3396 271:
678 3326 813 3415 θρασύς
843 3358 880 3397 τε
908 3320 1052 3400 δυνατός
1080 3331 1133 3395 καὶ

729 3441 838 3524 λέγειν
859 3427 932 3508 οἷός
953 3429 981 3499 τ’
1005 3427 1092 3518 α’νήρ

209 3543 310 3616 κακός
331 3544 473 3628 πολίτης
494 3544 645 3630 γίγνεται
667 3546 753 3611 νοῦν
775 3538 836 3610 οὐκ
859 3550 950 3626 ἔχων.

102 3709 125 3777 ¹)
145 3707 232 3779 Optat
259 3711 345 3764 iratus
363 3711 494 3765 Admetus
511 3711 619 3765 Phereti
643 3700 684 3776 let
703 3713 779 3779 optat
799 3706 976 3779 hyperbolice)
1001 3704 1134 3775 infinitam

144 3804 174 3856 et
191 3818 323 3868 enervem,
341 3806 374 3855 ut
391 3802 513 3881 Tithoni,
538 3807 719 3868 senectutem,
745 3802 990 3870 interrogatusque,
1016 3799 1134 3869 parenti·

144 3893 230 3947 bnsne
253 3893 324 3947 dirae
354 3895 493 3964 imprecari
522 3896 620 3950 audeat
650 3899 718 3964 (qua
741 3893 822 3946 nullus
846 3895 909 3945 suut
940 3893 968 3945 in
993 3889 1135 3960 potentiali

146 3985 307 4055 predicandi
316 3985 400 4040 forma
409 3986 477 4058 ζῴης
488 3983 544 4051 ἄν),
563 3987 709 4056 respondet
720 4002 747 4041 se
760 3987 799 4039 ita
812 3987 925 4054 optasse,
939 3981 1010 4053 quod
1023 3980 1137 4035 vidisset

145 4083 250 4148 patrem
268 4083 377 4148 μακροῦ
395 4081 459 4151 βίον
479 4079 554 4147 ἐρᾶν.
