2626 4530
550 262 611 320 11.
629 264 653 321 1.
690 292 693 299 -
1053 270 1094 333 33

69 460 170 525 11111.
192 498 196 505 -
219 461 400 546 Voluptatis
433 468 581 547 tanquam
601 467 728 530 'summi
760 467 829 531 boni
856 467 1088 552 inscriptionem
1117 490 1136 535 a

67 566 146 631 111111
168 567 209 631 ad
232 586 266 634 se
298 569 472 653 obtegenda
493 570 658 636 'inventam
691 572 745 637 ait.
802 573 895 656 Apud
927 577 1059 641 eundem
1095 578 1133 642 de

67 673 234 739 clementis
254 675 281 752 I,
305 675 344 736 12
367 675 412 739 sic
432 676 566 741 Haasius
589 677 700 743 edidit:
731 676 803 742 Sed
822 697 903 743 mox
930 681 990 765 [de
1012 682 1133 768 Sulla]

66 798 358 863 consequemur,
385 782 572 864 quomodo
596 776 779 848 hostibus
805 783 1050 852 irascendum
1079 789 1131 853 sit

64 886 195 967 utique
233 887 265 950 si
300 887 340 950 in
376 887 520 953 hostile
558 906 687 953 nomen
721 888 896 954 1111111
929 910 972 956 ex
1004 894 1132 959 eodem

64 1008 223 1073 corpore
245 992 403 1076 abrupti
423 993 667 1059 transierint.
714 995 835 1060 Bellam
856 1015 929 1061 vero
948 998 1132 1064 orationem:

64 1115 356 1181 consequemur,
396 1098 584 1181 quomodo
619 1101 860 1167 irascendum
893 1102 961 1168 sit!
1015 1104 1134 1170 Seneca

62 1203 245 1285 scripserat:
269 1204 341 1269 Sed
363 1224 446 1269 mox
461 1206 504 1270 de
519 1204 637 1283 Sulla,
655 1223 726 1272 cum
744 1224 933 1291 queremus,
952 1211 1131 1291 quomodo

63 1311 117 1373 cet.
168 1309 222 1373 Ad
243 1310 334 1374 illum
354 1311 456 1378 locum
479 1310 582 1375 differt
604 1312 697 1376 etiam
720 1313 758 1376 da
780 1312 867 1377 Sulla
886 1313 1042 1381 iudicium.
1086 1318 1132 1382 Su

63 1417 465 1498 conqueremusnatum
479 1435 765 1499 consequemur.
788 1418 862 1497 (Otr.
883 1438 1131 1504 persequere·

62 1524 120 1585 tnr
142 1523 350 1588 substitutum
364 1522 397 1587 in
409 1522 564 1589 codicibus
576 1541 631 1604 pro
650 1542 717 1605 per
737 1543 775 1589 se
798 1526 1031 1606 quareretur
1049 1527 1131 1609 apud

61 1626 183 1692 Livium
217 1628 285 1707 XL,
319 1631 368 1707 12,
405 1628 467 1710 ll.)
516 1629 654 1694 Tertium
689 1648 802 1712 ponam
835 1630 972 1695 eiusdem
1007 1631 1131 1697 Seneca

62 1734 239 1816 exemplum
261 1737 331 1820 (nec
354 1736 474 1818 copiam
496 1734 697 1816 exhauriam),
718 1737 771 1819 qui
793 1735 881 1818 epist.
898 1736 1001 1814 91,11
1028 1738 1059 1801 in
1081 1738 1131 1801 in-

61 1841 167 1906 cendio
199 1843 320 1907 montis.
335 1840 532 1906 describendo
564 1841 612 1906 his
644 1842 743 1907 verbis
773 1860 848 1905 usus
879 1844 961 1905 erat:
1010 1842 1131 1908 Vasta

61 1947 115 2012 vis
154 1948 302 2031 ignium
341 1947 479 2025 colles,
517 1965 581 2029 per
625 1963 715 2029 quos
754 1946 970 2024 relucebat,
1010 1948 1131 2013 erosit

61 2057 98 2119 11
119 2055 309 2137 qnondam
331 2053 549 2120 altissimos
570 2051 755 2128 vortices,
786 2052 929 2117 solatia
950 2052 1131 2137 navigan·
1250 2040 1253 2045 ’

60 2161 152 2225 tium
175 2179 219 2225 ac
242 2161 434 2243 speculas,
464 2158 510 2224 ad
542 2157 688 2222 humile
719 2155 884 2235 deduxit,
919 2159 990 2241 apte
1013 2157 1129 2225 duobus

58 2266 246 2332 accusativis
275 2269 306 2331 et
334 2265 452 2331 duobus
480 2264 583 2330 uerbis
616 2263 774 2346 copulatis.
824 2262 902 2331 Cum
929 2266 1039 2329 vasta
1068 2266 1128 2331 111

60 2373 227 2438 conflatum
251 2372 347 2450 esset,
377 2370 483 2434 littera
503 2360 639 2434 extrema
660 2371 796 2447 1111111,
822 2370 855 2433 11
878 2372 1064 2448 11111111,
1092 2392 1129 2437 ex

58 2480 221 2563 ignium,
252 2475 332 2560 quod
352 2477 486 2559 optimus
508 2475 603 2539 codex
624 2476 773 2553 servarit,
800 2478 908 2540 natum
938 2478 986 2542 est
1012 2479 1128 2562 ignis,

58 2584 182 2649 tmbata
218 2586 323 2648 tamen
361 2583 567 2647 membrorum
603 2582 748 2646 orationis
790 2581 991 2662 cohaerentia,
1034 2604 1126 2668 quam

58 2690 193 2754 Haasius
223 2689 472 2768 111-1111111111,
506 2708 543 2753 ex
573 2687 724 2771 ignium
759 2689 831 2753 fecit
862 2688 965 2772 iguis
1001 2693 1123 2757 solum
1230 2696 1233 2703 '

60 2797 205 2877 quattuor
220 2796 334 2860 litteris
345 2795 484 2872 adiectis,
506 2793 675 2877 inciditque
686 2794 717 2858 iu
728 2793 872 2859 vitiosam
888 2796 1127 2876 copulationem:

59 2902 328 2966 vastavit...
361 2903 485 2966 erosit
524 2904 654 2967 et...
693 2900 861 2965 deduxit.
920 2900 1128 2984 (Superiorem

59 3007 307 3090 interpolationes
321 3008 372 3072 hic
386 3009 421 3071 11
436 3007 509 3072 alibi
525 3007 658 3090 omitto.)
689 3005 814 3071 Seneca
828 3007 976 3072 addamus
989 3008 1127 3084 Festum,

59 3112 136 3194 apud
170 3132 264 3194 quem
295 3113 353 3177 hoc
386 3131 484 3177 errore
511 3113 620 3177 uatum
644 3115 692 3176 est
719 3096 900 3177 vocabulum
922 3132 982 3177 non
1004 3114 1127 3177 tantum

59 3218 122 3300 ipsa
142 3218 337 3302 longitudine
362 3217 522 3282 mirabile:
552 3217 909 3282 Praeciamitatores
936 3219 1126 3293 dicuntur,

59 3324 120 3406 qui
147 3324 472 3388 flaminibus...
501 3323 779 3407 antecedentes
808 3322 1034 3388 exclamant
1068 3324 1126 3386 oet.
1157 3339 1160 3344 ·

59 3430 90 3493 ld
115 3448 233 3494 nomen
264 3448 300 3493 11
332 3429 477 3512 praecise
508 3429 572 3510 (qui
591 3430 673 3511 apud
693 3429 826 3493 Paulum
847 3451 876 3511 p.
899 3425 1126 3489 1141111111

58 3536 262 3620 appellantur)
284 3534 396 3600 etalio
419 3535 582 3599 conflatum
611 3552 692 3614 esse,
723 3537 786 3600 iam
810 3534 944 3615 Scaliger
965 3532 1126 3609 intellexit,

58 3642 143 3707 modo
165 3659 205 3705 ne
228 3642 444 3706 metatores
466 3641 630 3723 posuisset,
652 3660 728 3722 quos
750 3641 822 3704 hinc
837 3640 952 3703 alienos
966 3640 1126 3703 esser-ecte

57 3747 227 3814 iudicatum
261 3751 318 3825 est,
356 3747 412 3811 sed
443 3747 627 3823 viatores,
661 3747 713 3828 qui
745 3744 897 3829 aptissimi
930 3743 1011 3806 sunt.
1065 3744 1125 3808 Η11

57 3858 158 3921 tamen
177 3875 263 3921 error
278 3855 375 3919 Paulo
391 3852 546 3935 antiquior
567 3852 625 3929 est,
647 3852 728 3934 apud
750 3871 842 3933 quem
863 3848 992 3913 totidem
1014 3849 1126 3913 litteris

57 3962 406 4042 praeciamitatores
436 3959 599 4042 ponuntur.
653 3956 746 4040 Apud
775 3956 910 4022 Gellium
935 3953 1001 4030 XX,
1028 3955 1057 4031 1,
1086 3956 1127 4013 34

57 4066 298 4146 iureconsultus,
337 4067 438 4150 legem
477 4064 540 4127 XII
581 4063 756 4127 tabularum
803 4063 907 4124 contra
940 4059 1126 4123 Favorinum

910 4177 925 4217 3
