2580 4530
154 274 194 337 32
593 274 653 328 Lib.
673 276 693 327 I.

112 475 204 540 dixit:
233 469 282 547 οἷς
316 467 641 558 ααρσμοιόιαια.
689 475 734 539 Ex
756 471 801 549 cic
823 502 892 562 παρ
914 478 1031 542 factum
1054 473 1202 562 ὥσπερ,λ

113 600 150 646 σο
169 581 300 658 facilius,
322 581 404 663 quod
425 564 612 646 adiectivum
635 583 840 665 compositum
861 583 963 648 minus
975 584 1095 648 ¹tritum
1113 587 1186 650 erat

112 705 204 770 quam
236 688 396 769 simplex,
416 688 483 750 tum
522 679 708 772 ὁμοιότητα
745 691 870 771 propter
903 684 1027 773 ὥσπερ.
1087 690 1184 773 Apus

111 793 280 857 Lucienum
299 793 400 876 σανίς.
413 793 453 855 32
466 793 581 859 editur:
605 789 717 867 οὐδεὶς
727 788 792 878 γαρ
805 787 823 857 ὁ
839 794 1185 881 ἐναντιωθησόμενος·

113 892 199 982 ἡμῖν
227 893 268 963 ια’
298 894 388 964 ὅπλα
416 895 592 974 τοσούτοις
623 891 729 967 οὖσιν.
777 899 822 964 Ut
844 899 918 963 ferri
947 903 1068 983 posset,
1100 902 1182 983 quod¹

110 1005 182 1070 ferri
203 1024 264 1070 non
286 1007 397 1089 potest,
423 1005 596 1071 inauditum
618 999 918 1091 ἐναντιωθήσομαι
940 1024 994 1088 pro
1017 1003 1179 1072 ἐναντιώ-

112 1136 225 1196 σομαι,
248 1113 352 1176 tamen
367 1131 456 1193 nemo
471 1115 715 1179 &venumdedere
727 1113 889 1178 transitive
901 1112 979 1176 dixit
990 1108 1045 1196 (τοί
1058 1111 1183 1199 ὅπλα),ι

52 1272 57 1283 ,
111 1218 283 1283 dividamus
307 1219 338 1280 et
360 1236 454 1282 unam
475 1218 613 1284 litteram
629 1221 835 1304 corrigamus3
858 1217 1181 1284 habebimusverumr

111 1323 247 1389 ἐναντία
271 1316 469 1407 θησόμενος
491 1318 521 1406 ἡ.
544 1320 585 1388 τοί
608 1321 709 1390 ὅπλα.
742 1325 877 1409 Longius
891 1343 1053 1408 progressa
1068 1326 1178 1415 estin·

109 1414 273 1512 terpolatio
296 1447 332 1492 ex
352 1447 447 1510 prava
460 1432 650 1512 separatione
666 1434 697 1498 et
714 1433 905 1515 copulatione
923 1432 991 1494 orta
1004 1431 1087 1513 apud
1104 1431 1179 1496 Plu-

109 1536 250 1600 turchum
263 1534 331 1599 adv.
345 1535 483 1600 Colotem
495 1537 545 1615 28,
561 1538 634 1620 οφ.
647 1539 728 1600 1123
738 1539 789 1622 Ε),
810 1537 864 1602 ubi
875 1555 1034 1601 assensum
1046 1537 1184 1602 retinere

111 1642 375 1721 (Academicorum
396 1643 602 1707 recentiorum
623 1643 721 1725 more)
748 1647 868 1708 rectum
896 1661 963 1707 esse
993 1642 1118 1722 dicitur,
1148 1650 1183 1710 εἰ

109 1749 217 1834 μηδὲν
240 1745 335 1821 ἄλλο,
358 1743 422 1832 τήν
443 1776 481 1835 ys
506 1749 693 1833 διαφωνίαν
714 1743 843 1833 ταύτην
859 1748 1120 1831 (philosophorum
1140 1751 1182 1816 de

107 1856 240 1921 ueritate
271 1855 345 1921 ιῶν
376 1857 588 1941 φαντασιῶν)
621 1850 792 1941 λαβόντας
825 1856 940 1920 αἰτίαν
972 1848 1177 1940 αἰιοχρώσαν

37 2031 39 2035 ,
109 1955 277 2036 ὑπονοίας
300 1957 386 2046 προς
407 1957 449 2028 σοί
469 1956 657 2050 πράγματα
673 1963 727 2028 καὶ
744 1955 822 2028 οὐδὲ
838 1958 943 2032 οὕτως
956 1955 1176 2045 ὑγιὲςούδὲν,

111 2062 281 2153 οἷ”σοίφειαν
319 2070 353 2135 δὲ
389 2072 443 2134 καὶ
477 2065 627 2155 ταραχήν
660 2069 786 2155 ἔχοντα
815 2069 941 2133 ιισῖοαν.
1003 2062 1178 2147 ¹Sententia,

109 2194 176 2259 quae
200 2178 285 2240 recta
306 2180 397 2254 esset,
419 2176 446 2242 si
468 2176 653 2240 scriberetur
674 2176 797 2238 tantum
818 2168 907 2258 προς
928 2169 969 2237 ια’
986 2167 1174 2255 πράγματα

111 2274 155 2353 οἷς
183 2275 282 2346 οὐδὲν
314 2276 405 2368 ὑγιὲς
429 2329 437 2346 .
462 2329 469 2345 .
496 2331 502 2343 .
527 2291 655 2366 ἔχοντα,
692 2278 879 2358 interpositis
911 2279 1063 2343 111ῑο·ιαὶ
1098 2273 1176 2346 οὐδὲ

110 2383 217 2458 οὕτως
238 2406 360 2468 prorsus
381 2386 550 2468 perimitur.
584 2384 659 2448 .Sed
678 2384 711 2446 in
735 2382 798 2446 illis
821 2383 956 2464 primum
977 2384 1055 2447 latet
1074 2385 1176 2467 ipsum

108 2492 196 2570 illud,
219 2511 277 2575 quo
299 2510 403 2556 carere
425 2510 483 2555 non
507 2508 681 2574 possumus,
710 2482 763 2566 n‘c,
794 2487 919 2566 deinde,
950 2491 1004 2553 illo
1030 2491 1177 2569 seiuncta,

110 2597 241 2662 efficitur
273 2598 447 2680 aptissime:
483 2592 652 2668 ὑπονοίας
683 2589 771 2677 πρὸς
802 2588 844 2658 τοί
883 2589 1070 2682 πράγματα
1108 2599 1173 2663 καί

110 2703 226 2776 δέους
259 2699 303 2778 οἷς
334 2699 426 2791 ὑγιὲς
459 2729 488 2767 κ.
512 2728 541 2766 τ.
565 2705 595 2767 λ.
644 2700 722 2765 Cum
747 2719 783 2764 ex
806 2699 901 2772 δέους
925 2701 1018 2784 (quod
1047 2728 1106 2775 σος
1131 2697 1174 2775 οἷς

109 2809 285 2875 coaluerant
304 2811 337 2873 in
363 2806 483 2892 οὕτως)
506 2808 607 2873 solum
629 2807 803 2888 superesset
824 2806 860 2871 de
881 2813 951 2889 post
969 2809 1036 2886 καί,
1058 2809 1173 2874 factum

3 2976 6 2981 .
111 2916 165 2982 καὶ
188 2908 275 2980 οὐδὲ.
322 2914 414 2997 Apud
436 2915 585 2978 Senecam
612 2913 650 2976 de
677 2913 741 2976 vita
762 2913 854 2976 beata
876 2913 924 2991 13,
947 2913 977 2991 3,
1009 2915 1062 2979 ubi
1084 2914 1174 2980 docet

109 3022 250 3106 Epicuro,
278 3021 305 3086 si
325 3021 454 3085 honesta
477 3019 557 3085 tueri
575 3018 666 3096 velit,
694 3017 897 3093 abiiciendum
920 3038 985 3084 esse
1008 3020 1173 3102 voluptatis

111 3146 220 3196 nomen
252 3129 283 3191 et
312 3127 448 3203 titulum,
485 3126 543 3190 sub
575 3144 634 3207 quo
669 3123 861 3206 disciplinam
897 3125 1097 3202 constituerit,
1129 3125 1176 3190 sie'

112 3235 253 3300 scribitur
275 3233 308 3296 in
334 3232 486 3296 codicibus
505 3231 567 3294 fide
592 3230 693 3314 dignis
724 3231 809 3313 (nam
830 3229 1030 3312 interpolatos
1053 3231 1085 3295 et
1105 3248 1173 3312 quae

112 3343 184 3407 inde
223 3339 296 3405 nata
327 3341 398 3404 sunt
430 3338 461 3400 in
496 3335 700 3418 superioribus
733 3334 927 3413 editionibus,
958 3331 1175 3415 omittamus)=

112 3448 269 3514 Titulus
308 3446 437 3526 itaque
470 3442 655 3507 honestus
695 3441 863 3523 eligatur
899 3443 936 3504 et
964 3426 1172 3520 'inscriptio

111 3557 194 3640 ip'sa
224 3554 395 3618 excitans
417 3545 580 3613 animum
603 3566 682 3628 qnae
705 3542 837 3610 statim
858 3547 1046 3609 venerunt
1066 3544 1171 3608 ritis.

112 3660 255 3739 Hessius,
277 3661 313 3723 ut
324 3656 453 3741 speciem
465 3651 553 3736 (satis
564 3652 699 3733 profecto
710 3651 840 3735 malam)
852 3649 1010 3716 sententiae
1026 3648 1178 3725 ediceret.

112 3768 244 3851 quinque
266 3767 360 3830 verba
380 3757 573 3844 interposuit,
595 3757 694 3835 nulla,
718 3776 772 3820 cur
793 3756 906 3821 omissa
927 3755 1044 3832 essent,
1075 3755 1179 3838 signi·

112 3874 204 3939 ficata
220 3890 329 3948 causa;
353 3869 609 3940 uideamusnunc,
631 3880 724 3944 quam
745 3860 835 3925 facile
856 3863 960 3926 omnia
980 3861 1012 3933 in
1034 3860 1172 3924 ordinem

113 3979 256 4044 redeant:
293 3975 448 4040 Titulus
476 3972 602 4052 itaque
628 3966 812 4030 honestus
840 3967 1013 4050 eligatur
1047 3967 1085 4029 et
1119 3967 1175 4029 in·

112 4063 273 4168 scriptio
294 4082 378 4165 ipsa
399 4078 570 4145 excitans
590 4074 766 4146 animnm3
789 4091 868 4154 quae
887 4073 963 4153 stat,
979 4070 1175 4138 invenerunt
