2580 4530
166 270 208 333 34
592 268 653 324 Lib.
672 270 694 323 Ι.

118 470 295 547 defendens,
319 471 372 553 qui
394 472 580 554 „negaverat
600 488 681 546 eum,
703 469 756 552 qni
777 469 951 537 membrum
971 486 1025 550 per
1035 468 1183 534 talionem

117 595 258 660 rumpere
294 576 405 652 vellet,
440 575 561 640 edicere
590 593 681 657 posse
717 574 878 658 rumpendi
909 575 1024 657 pariter
1053 575 1184 639 membri

117 682 351 765 aequilibrium“,
384 681 525 748 concedit
555 680 682 745 difficile
701 681 774 746 hoc
805 698 883 757 esse,
917 681 971 745 scd
1003 698 1072 744 eam
1104 680 1183 766 legis

117 787 303 853 sententiam
332 808 400 854 esse
426 789 528 872 negat.
577 785 737 852 Concessio
766 804 802 850 ea
828 783 877 849 his
907 785 1006 850 verbis
1035 785 1184 868 concepta

116 896 180 959 est:
211 894 353 959 Verum
374 895 449 971 est,
471 894 521 958 mi
543 893 745 968 Fauorine,
767 890 954 955 talionem
979 891 1183 956 rarissime

115 999 207 1064 fieri
237 1000 300 1084 [et]
323 998 571 1064 difficillime.
604 997 747 1081 ,dedices
769 999 806 1061 et
826 1015 886 1061 non
909 996 1050 1072 habent;¹
1071 997 1183 1062 raritas

116 1105 248 1171 adrem
275 1106 354 1171 nihil
375 1105 501 1180 attinet;
537 1104 638 1190 agitur
671 1101 709 1168 de
735 1102 917 1168 difficultate
944 1122 1069 1185 prorsus
1101 1103 1183 1186 paris

115 1212 252 1288 talionis3
279 1213 384 1294 itaque
402 1210 536 1294 primum
551 1211 589 1275 ‘in
613 1210 712 1275 raris
734 1211 842 1274 subest
865 1208 989 1292 paris,
1016 1209 1049 1272 in
1069 1207 1183 1286 litteris

115 1318 208 1382 sir'ne
232 1317 369 1401 (sume)
402 1317 481 1382 latet
512 1335 665 1382 summae
702 1315 893 1398 (summe),
926 1316 963 1378 ut
998 1313 1184 1379 talionem

114 1424 218 1506 paris
239 1443 388 1488 summa
408 1423 585 1500 habeamus,
606 1422 639 1487 id
661 1424 717 1501 est,
739 1419 971 1505 magnitudinis.

179 1568 182 1573 -
203 1529 306 1594 Tertio
327 1548 437 1613 genere
447 1528 553 1594 scribae
568 1529 710 1593 errabant
720 1528 752 1605 in
766 1527 890 1605 litteris,
912 1526 1048 1610 syllabis,
1071 1525 1184 1604 verbis,

114 1655 182 1718 quae
200 1634 257 1707 ,bis
287 1636 395 1701 eadem
425 1637 479 1700 aut
508 1641 595 1717 pa'cne
624 1633 733 1700 eadem
765 1633 926 1698 scribenda
947 1630 1052 1707 erant,
1086 1627 1184 1695 semel

114 1742 254 1820 tantum,
288 1740 370 1823 quod
399 1741 504 1809 ceulus
534 1758 571 1805 ea
599 1760 661 1806 non
683 1739 890 1817 distinxisset,
926 1739 1095 1821 scribendis
1119 1741 1182 1818 aut,

114 1848 193 1931 quod
212 1848 303 1932 paulo
323 1847 426 1913 minus
444 1848 507 1914 late
527 1849 624 1930 patet,
645 1847 678 1911 iu
692 1845 896 1931 geminandis,
912 1865 980 1929 quae
998 1847 1097 1911 semel
1107 1847 1183 1911 scri·

112 1953 212 2019 bends
223 1956 321 2032 erant,
333 1956 412 2037 quod
423 1975 457 2023 se
467 1956 531 2022 iam
543 1953 703 2035 scripsisse
718 1952 978 2018 obliviscerentur.
1020 1952 1183 2017 Inlitteris

113 2060 300 2144 syllabisque
327 2057 476 2123 facillime
504 2059 562 2124 hoc
591 2059 751 2124 accidebat
778 2059 810 2123 in
837 2058 975 2124 confiniis
1009 2059 1181 2125 verborum.

113 2166 158 2228 Ex
188 2164 365 2230 Aristotelis
386 2165 583 2247 politicorum
605 2166 646 2242 11,
668 2165 706 2242 8,
739 2166 756 2225 7
788 2171 828 2253 (c,
852 2168 888 2226 li
917 2167 973 2230 sub
995 2165 1048 2229 fin.
1074 2164 1184 2246 Bekis.)

109 2271 265 2351 profertur
307 2271 435 2334 verbum
476 2270 648 2335 inauditum
692 2271 725 2334 et
766 2271 906 2336 inaudita
944 2272 1045 2337 forma
1075 2271 1183 2337 lictum

111 2366 340 2458 α’ριοταρχεῑν.
383 2374 565 2440 Aristoteles
587 2375 753 2456 scripserat
790 2375 915 2445 Gracc:
956 2372 1008 2443 ded
1031 2379 1082 2444 δεῖ
1103 2372 1184 2452 τούς

112 2481 329 2564 donandaeve
343 2476 463 2563 ἄριστοι
491 2474 618 2566 ἄρχειν,
647 2473 791 2553 τοτ’τονς
818 2478 962 2566 ἄρχειν..
990 2486 1081 2551 Plato
1112 2505 1183 2565 cum

110 2586 143 2651 in
155 2586 285 2670 Philebo
303 2606 332 2668 p.
352 2585 637 2653 17Ddistinxisset
655 2594 752 2672 ἔτερα
770 2590 912 2656 τοιαῦτα
926 2583 1058 2656 Ιἐνόντα
1079 2586 1181 2677 πάθη
1220 2576 1223 2621 Ι

110 2687 132 2774 ἢ
149 2686 348 2778 γιγνόμενα,
374 2694 482 2758 natum
502 2695 558 2772 est,
580 2694 677 2758 altero
690 2719 723 2778 ,η
742 2697 864 2775 omisso,
880 2697 1040 2782 editusque
1061 2693 1180 2766 dudm
1219 2682 1223 2737 Ι

110 2791 212 2882 πάθη
234 2795 439 2885 γιγνόμενα,
471 2801 507 2864 ut
528 2800 711 2888 γίγνεσθαι
738 2798 840 2887 node]
862 2803 1014 2882 deantur,
1036 2825 1103 2888 quae
1118 2806 1181 2873 iam
1219 2794 1223 2841 Ι

110 2894 248 2989 insius).
307 2904 416 2971 Strabo
442 2905 517 2971 XIV
542 2927 573 2990 p.
595 2907 655 2970 648
678 2909 860 2991 scripserat:
909 2901 1124 2996 Ἀναξήνορα
1147 2912 1182 2979 δὲ
1217 2928 1221 2943 ’

110 3008 172 3079 τὸν
199 3005 406 3105 κιθαρῳδόν.
425 3012 519 3095 ἐξῆρε
534 3016 607 3098 μὲν
629 3015 683 3081 καὶ
707 3010 751 3078 τοὶ
773 3016 923 3098 θέατρα,
958 3008 1033 3081 ἄλλ’
1055 3018 1181 3101 ἐτίμα
1215 3008 1222 3105 Ι

110 3113 302 3206 μα’λιοτα
324 3111 522 3192 Ἀντώνιος.
570 3119 674 3185 Semel
689 3122 802 3204 scripto
822 3148 882 3205 μα,
903 3123 1021 3187 factum
1043 3125 1092 3190 est
1107 3118 1182 3191 αλλ’
1214 3114 1221 3169 Ι

111 3238 160 3295 ἔτι
181 3221 347 3313 μάλιστα,
376 3224 410 3291 in
433 3243 491 3307 quo
514 3245 585 3291 cum
606 3227 779 3293 Meinelrius
800 3229 866 3294 iure
887 3229 1043 3308 haesisset,
1065 3233 1182 3298 snbsti·
1213 3226 1221 3282 Ι

110 3335 174 3399 tuit
194 3326 267 3398 ἀλλ’
290 3327 344 3397 ὅτι
366 3322 534 3415 μάλιστα,
555 3351 649 3414 prave
669 3335 769 3416 posito
792 3331 844 3400 ὅτι
867 3338 948 3420 procl.
971 3355 1026 3419 pru
1047 3337 1182 3422 simplici
1212 3336 1220 3410 l

112 3439 300 3523 superlativo
314 3457 372 3504 nec
392 3436 555 3503 attendens
565 3443 636 3520 post
647 3440 741 3524 ἐξῆρε
753 3445 819 3526 μὲν
830 3490 839 3507 .
851 3493 858 3507 .
871 3493 879 3508 .
893 3435 966 3508 αλλ’
977 3443 1092 3525 requiri
1102 3444 1181 3510 alte-
1210 3436 1219 3499 Ι

110 3565 179 3611 rum
194 3547 332 3613 verbum
378 3544 563 3609 Plutarchus
574 3545 683 3612 inrita
693 3547 822 3613 Periclis
834 3567 859 3612 c.
873 3549 889 3609 l
903 3548 1082 3631 scripserat:
1104 3553 1177 3617 ἐπεὶ
1209 3550 1219 3609 l

110 3652 246 3716 ἐπὶτῶν
258 3643 759 3724 ἄλλονοῦνεύθύςᾰκολοοθεῑ
770 3655 815 3739 τῷ
828 3649 1010 3738 θαυμάσαι
1023 3648 1062 3721 ‘cc'
1074 3679 1181 3743 πραχ·
1208 3664 1218 3723 l

131 3983 154 4052 ¹)
186 3986 219 4038 In
234 3983 359 4038 Platonis
376 3980 568 4054 lluthyphrcne
586 3997 611 4049 p.
631 3983 648 4035 6
665 3980 690 4036 A
708 3948 824 4051 quantas
842 3983 935 4038 turbas
953 3984 1081 4040 dederitr
1098 3985 1181 4041 semel
1205 4010 1217 4068 p

181 4079 265 4147 script
276 4093 331 4140 um,
351 4092 412 4131 cnm
430 4075 473 4131 bis
491 4074 574 4130 scribi
591 4073 708 4138 deberet,
729 4089 776 4130 suo
794 4075 851 4130 luen
869 4080 1027 4146 exponetur.
1204 4106 1216 4167 ,Ι

1204 4208 1216 4277 l
