2580 4530
223 240 285 319 ado
474 295 484 321 ,
655 254 716 311 nro.
734 254 773 312 n.

182 473 252 519 cum
264 453 430 519 voluntatis
445 452 577 537 quadam
592 453 811 539 significatione
822 455 936 528 narmi,
958 452 1038 536 qnod
1052 451 1244 535 ipsissimum

183 560 232 625 est
259 553 442 643 ποιήσαιμι
473 555 531 638 ἄν,
564 559 710 643 additque
738 560 798 625 alin
832 557 1005 642 Reisigium
1026 558 1242 643 excogitas&

182 665 222 730 ad
255 667 270 732 Ι
309 669 414 732 autem
455 665 497 728 60
532 665 719 735 Fritnschius
760 659 953 749 σέρασαίμαν
992 665 1058 731 siue
1093 661 1139 730 ἄν
1174 664 1243 749 poni

181 772 290 838 scribit
321 773 359 837 cd
394 773 425 837 id
457 771 667 865 indicandum,
701 773 782 856 quod
804 771 987 838 Germanice
1015 766 1150 837 dicetmz
1175 773 1243 851 „ich

180 879 331 944 moohte
352 878 422 944 dich
443 896 517 962 gem
539 878 638 944 damit
659 877 828 956 erfreucn“‚
844 878 897 961 qui
910 877 1024 944 vellem
1039 877 1133 943 simul
1155 876 1242 942 addi-

181 984 287 1063 disset,
317 986 391 1070 quid
411 984 493 1050 essct
514 966 705 1070 α’ρεσαίμαν
725 980 779 1067 ἄν.
832 983 935 1075 Atque
968 981 1051 1049 idom
1072 984 1170 1050 etiam
1193 983 1243 1062 (ad

180 1092 229 1169 Π,
264 1090 498 1172 subauditum
530 1093 636 1158 contra
667 1092 768 1174 legem
799 1108 949 1173 usumque
979 1085 1024 1154 ἄν
1050 1107 1113 1154 non
1141 1089 1254 1154 minus

180 1196 270 1262 facile
291 1197 428 1282 expedit,
458 1217 530 1263 nam
559 1200 592 1261 εἴ
622 1199 658 1261 κε’
681 1189 718 1282 μ’
750 1195 904 1282 roquos
935 1215 1019 1261 esse:
1055 1214 1164 1274 „menn
1197 1195 1243 1259 ihr

182 1302 264 1367 mich
305 1301 403 1366 donn
439 1304 674 1387 ausgenommen
711 1304 848 1380 hecret“;
892 1301 1122 1386 compararique
1158 1300 1243 1367 iubet

181 1407 367 1473 Baumleinii
401 1408 638 1491 disputationem
674 1408 819 1492 aliquem.
862 1410 929 1473 Hac
962 1408 1057 1493 igitur
1089 1406 1242 1491 similique

179 1511 386 1595 pertigiorum
407 1512 565 1590 inanitate
597 1534 674 1598 quae,
698 1515 882 1597 utquisque
911 1515 996 1580 locus
1024 1512 1163 1579 obiectus
1185 1515 1241 1592 est,

181 1617 246 1686 sine
267 1618 331 1683 ulle
352 1621 526 1687 constantia
549 1620 768 1705 excogitentur,
791 1621 823 1684 et
843 1621 894 1685 hic
916 1622 947 1686 et
966 1620 999 1684 in
1013 1621 1124 1686 ceteris
1146 1619 1243 1702 scrip-

179 1724 294 1789 toribus
316 1725 444 1792 dimissa
476 1730 508 1793 ct
537 1729 676 1811 explosa,
708 1727 769 1792 loci
800 1726 861 1809 ipsi
884 1727 1044 1792 videamus
1067 1745 1179 1809 quam,
1208 1729 1242 1790 ut

179 1830 781 1906 distincilemhabeantcorrcctionem.
823 1834 905 1923 Nam
927 1833 951 1907 Ι,
975 1833 1015 1895 60
1040 1832 1098 1916 (τῷ
1122 1833 1179 1898 καί
1201 1856 1241 1897 τυ

177 1932 270 2020 μα’λα
289 1931 455 2024 ’πρόφρων
477 1933 680 2026 α’ρτοαίμαν)
709 1941 790 2005 recte
812 1939 865 2004 alii
893 1938 1011 2009 codices
1039 1940 1071 2004 et
1092 1938 1241 2005 editiones

178 2044 310 2110 habent:
334 2047 379 2130 τῴ,
404 2050 471 2112 κέν
491 2071 543 2125 το,
566 2049 597 2112 et
618 2047 780 2113 incedam
803 2044 938 2112 carmine
965 2045 1024 2106 132
1051 2044 1131 2128 (νον
1154 2037 1185 2123 θ’
1206 2047 1239 2109 ἴα

177 2153 243 2236 μὲν
264 2157 415 2237 φορέοιτο
437 2146 551 2238 βοὲτοι,
574 2156 725 2239 φορέοιτο
748 2147 777 2220 d’
794 2151 961 2235 ἄκανθαι)
982 2165 1036 2235 pro
1056 2153 1133 2234 μέν,
1162 2152 1240 2236 quod

179 2275 307 2340 pravam
337 2259 430 2326 habet
458 2261 614 2346 diligentis
648 2253 718 2326 ἴων
741 2264 773 2326 et
798 2260 989 2344 ναρκίσσου
1016 2257 1240 2324 distributionis

179 2363 322 2443 speciem,
345 2367 569 2432 rest'tuendum
593 2368 641 2433 est
656 2366 703 2432 ’κέ
709 2392 744 2441 ν,
766 2367 799 2432 et
818 2367 905 2441 VIII,
927 2367 967 2427 20
988 2360 1137 2445 (ταύταν
1160 2389 1240 2430 τασ-

179 2469 296 2553 θείην,
321 2467 363 2535 eoi
387 2471 420 2536 dt
443 2474 488 2537 το]
511 2469 641 2556 πατρός
662 2466 704 2540 οὐ
727 2474 928 2557 caradocci)
950 2471 1239 2540 scribendumest:

178 2569 309 2642 ταύταν
342 2604 387 2644 ιια
422 2579 558 2664 θείην.
610 2579 692 2646 Nam
723 2583 856 2646 τιθέναι
887 2564 919 2644 ei
951 2575 1173 2644 κατατιθέναι
1202 2577 1239 2640 (1ο

179 2685 315 2766 ponendo
348 2688 391 2761 (et
417 2685 625 2768 proponendo)
657 2686 832 2776 certaminis
864 2686 989 2768 praemio
1020 2698 1143 2766 prorsus
1171 2703 1239 2766 pro

178 2790 294 2854 miscuo
314 2790 347 2854 in
368 2791 426 2856 hoo
447 2793 513 2874 ipso
535 2792 671 2873 carmine
687 2799 735 2870 ,(τ.
759 2793 893 2870 11-15)
915 2791 1021 2857 dicunt
1058 2838 1065 2852 .

277 2896 423 2963 Eiusdem
450 2900 556 2964 autem
582 2898 727 2964 carminis
755 2918 860 2964 versus
887 2899 928 2962 88
956 2898 995 2962 ad
1022 2894 1060 2959 91
1089 2896 1135 2962 sic
1163 2896 1239 2960 scri-

178 3001 271 3066 bendi
293 3004 383 3073 suut:

259 3103 329 3183 Ὡς
350 3113 415 3193 μὲν
436 3105 455 3177 ὁ
478 3125 559 3184 παῖς
581 3110 680 3198 ἐχάρη
704 3112 757 3183 aori
792 3092 941 3178 α’νοὲλατο
964 3111 1018 3177 καὶ
1042 3103 1238 3195 πλατάγησε

260 3211 412 3292 νικάσας,
435 3214 541 3289 οὕτως
564 3210 592 3282 κ’
616 3220 682 3284 ἐπὶ
704 3222 823 3303 ματέρι
848 3215 969 3304 νεβρός
990 3215 1120 3292 ἅλοιτο,

261 3318 306 3396 οἷς
329 3324 363 3389 δὲ
386 3316 609 3410 κατεομιλχθη
632 3327 687 3391 καὶ
710 3319 920 3411 α’νοτροῖπετο
943 3330 1053 3410 φρένα.
1070 3320 1161 3405 λύττα
1198 3325 1200 3328 ⁴

261 3426 395 3514 ὥτερος,
419 3426 506 3496 οὕτω
530 3425 576 3495 μα’
600 3425 718 3517 νύμφα
741 3422 921 3519 γαμεθεῐσ’
945 3424 1117 3516 α’κσὶχσιτο.

276 3537 376 3620 Vulgo
398 3558 427 3601 v.
450 3537 490 3598 89
515 3532 542 3601 α’
566 3539 728 3612 emititur,
751 3558 780 3602 v.
804 3537 841 3598 91
867 3554 883 3598 e
906 3534 949 3600 ια’
971 3536 1152 3602 factumest
1174 3535 1237 3600 καί.

177 3642 212 3704 In
237 3643 377 3707 carmine
391 3643 474 3721 XVI,
498 3645 536 3705 67
560 3663 596 3708 er
626 3636 785 3727 πρόσθεν
805 3640 980 3707 faciendum
1008 3635 1161 3726 πρόσθ’
1188 3639 1211 3707 ὅ
1219 3665 1239 3705 ν

179 3749 327 3825 (πολλῶν
341 3742 495 3833 ἡμιόνων
510 3775 545 3814 τι
560 3751 614 3815 καὶ
627 3757 744 3815 ἵππων
755 3741 881 3833 πρόσθ’
897 3742 942 3813 οἷν
963 3749 1128 3832 ἑλοίμαν).
1164 3748 1239 3813 (inr-

181 3853 263 3916 mine
291 3853 383 3919 XXII
411 3876 438 3919 v.
472 3856 512 3918 60
538 3856 646 3922 Pollux
674 3854 847 3920 invitationi
879 3857 1020 3932 (ἔλθοις)
1052 3855 1137 3919 addit
1169 3874 1239 3939 pro-

176 3960 305 4024 missum
341 3961 547 4044 praedicitque,
582 3961 655 4044 quid
691 3961 828 4027 futurum
860 3961 914 4026 sit:
950 3962 1004 4026 ecl
1042 3961 1159 4034 ξενίαν
1196 3987 1238 4028 τε

175 4059 285 4152 sequte
308 4059 414 4132 πάλιν
443 4061 548 4134 οἴκαδ’
576 4058 714 4140 lucivoce.
752 4066 853 4150 Vulgo
875 4067 1017 4133 scribitur
1048 4068 1165 4141 ξενίων
1187 4094 1236 4155 ys,
