2580 4530
208 260 266 325 582
629 255 688 313 Lib.
708 256 757 317 IV·

266 455 326 533 (De
355 472 381 524 c.
403 454 443 519 23
470 453 533 521 diri
558 476 589 540 p.
620 454 671 521 98.
715 454 889 521 Debueram
912 453 1167 522 emendationem
1182 473 1231 539 per

170 580 204 631 se
225 561 342 627 cermm
364 559 544 627 confirmare
568 560 674 626 tamon
700 558 876 643 comparato
907 560 973 626 loco
1004 559 1180 646 [Xenoph]
1198 560 1231 626 de

165 686 227 751 rep.
273 665 444 735 Lacedaem.
477 667 524 743 11,
554 668 596 733 ,λε
627 662 679 743 τό,
701 659 766 732 τόν
795 665 1011 755 ταραχθεῖσι,
1047 665 1141 752 μετα
1176 665 1230 736 τοτ’

166 766 421 859 παρατυχόντος
441 767 568 860 ὁμοίως
589 767 787 860 μα’χεσθαι.)
992 850 996 861 ¹

265 880 331 962 lod.
348 879 404 945 29:
427 879 622 947 συνέστελλε
645 872 706 945 τόν
730 868 902 964 τόραννον
923 871 967 951 cic
988 869 1081 963 μήτε
1104 872 1232 946 ἅνεῑναι

165 982 203 1052 τό
226 982 379 1060 αὔθαδες
401 977 509 1053 αὐτοῦ
541 986 596 1051 καὶ
619 976 884 1071 θρασυνόμενον
914 974 1004 1068 μήτε
1037 979 1079 1052 τό
1114 979 1232 1072 πικρόν

167 1137 205 1153 ..
229 1140 236 1153 .
260 1093 455 1178 ἐξερεθίσαι.
500 1090 690 1157 Contrarium
713 1088 875 1161 sentcntiae
902 1081 1057 1170 α’νεῑναι,
1077 1090 1232 1155 remittere.

166 1197 282 1265 scrib:
311 1203 483 1274 ἐνεῖναι,
505 1197 668 1260 immittere
687 1199 719 1263 et
740 1196 922 1271 concitare„

265 1304 332 1370 Ibd.
364 1294 430 1367 325
467 1307 546 1386 ἔστη
582 1294 651 1369 μαλ’
685 1305 903 1389 περιέστησεν
945 1292 1063 1369 αὐτόν.
1126 1302 1232 1369 Scn'b:

166 1410 470 1494 περιεδίνησεν
500 1403 610 1478 αὐτόν
631 1410 738 1496 ζητῶν
759 1403 821 1476 τόν
842 1402 1081 1493 Ἀλέξανδρον.
1116 1411 1233 1494 (Περι-

165 1518 306 1601 βλέπειν
340 1507 445 1582 αὐτόν
474 1514 512 1579 de
541 1533 592 1598 eo,
627 1518 680 1600 qni
701 1511 797 1605 alium
818 1507 1027 1598 circumspicit
1053 1513 1088 1579 et
1120 1514 1233 1599 quaerit,

169 1621 308 1701 Graecum
339 1641 400 1688 non
417 1612 492 1698 est,
513 1639 569 1687 nec
597 1641 634 1687 er
654 1622 764 1689 Latino
789 1621 907 1700 fictum,
921 1620 988 1686 sed
1010 1639 1048 1686 ex
1069 1618 1233 1687 Germania

166 1728 361 1794 arcessitum:
383 1726 447 1790 oieb
468 1727 630 1810 amachan.)
733 1785 736 1791 ,
1071 1804 1072 1809 ¹

266 1834 333 1908 Ibd.
355 1834 396 1898 33
417 1833 630 1907 scribendam:
657 1828 800 1920 δόξομεν
828 1827 938 1919 όμοῖε
967 1827 1074 1918 η’μῑν
1105 1832 1233 1914 (codices

168 1931 312 2025 δόξομεν
339 1936 438 2033 ημῖν,
473 1939 539 2006 Cor.
564 1939 707 2023 δόξομεν
739 1933 842 2023 ὑμᾶς)
877 1931 940 2006 σόν
967 1933 1148 2016 οἷπιστεῑν,
1185 1934 1233 2004 ότι

168 2070 196 2113 κ.
219 2073 250 2113 τ.
275 2050 303 2112 λ.
360 2046 395 2112 si
416 2045 556 2111 Thebani
577 2047 800 2113 concessissent
826 2046 866 2112 de
892 2047 1051 2129 sepultura
1070 2045 1234 2131 Pelopida,

168 2152 317 2218 confidere
358 2150 499 2218 Thessali
541 2154 703 2235 poterant,
744 2170 926 2235 persuasum
972 2170 1042 2218 esse
1082 2150 1234 2218 Thebanis

169 2277 281 2341 eosque
311 2257 450 2337 credere,
483 2258 629 2324 maiorem
659 2257 816 2324 Thessalis
845 2277 937 2341 quam
968 2257 1233 2342 Thebanis-cala-

167 2363 310 2429 mitatem
346 2363 510 2438 accidissc;
533 2364 606 2446 qnid
627 2363 769 2430 Thessali
801 2362 862 2446 ipsi
886 2363 1061 2440 crederent,
1096 2383 1160 2430 non
1181 2381 1233 2446 po·

168 2472 249 2536 terat
271 2489 307 2536 er
330 2469 546 2534 Thebanorum
568 2471 765 2536 concessione
787 2469 937 2536 concludr'.
946 2469 973 2554 ¹)

266 2576 334 2641 Ibd.
357 2575 413 2639 35:
453 2588 597 2660 σημεῖον
619 2575 706 2642 εἶναι
734 2577 798 2643 τοὺ
818 2577 1020 2662 κατέχεσθαι
1043 2568 1106 2641 τόν
1127 2571 1233 2658 ἄνδρα

169 2684 223 2749 καὶ
246 2678 441 2756 καθεύδειν.
495 2681 582 2749 Mire.
602 2683 666 2748 haec
703 2682 760 2748 duo
795 2682 1033 2768 coniunguntur,
1068 2683 1126 2748 hoc
1158 2701 1232 2765 pra·

168 2789 275 2852 sertim
296 2788 418 2872 ordine3
440 2806 548 2854 manus
559 2791 628 2872 post
646 2788 770 2855 demum
784 2789 969 2855 iniicinntur.
1005 2788 1086 2855 Son:
1111 2815 1233 2854 κατα·

169 2901 335 2960 κεῖσθαι
358 2921 388 2959 τ.
410 2891 444 2960 ό.
470 2895 524 2989 καὶ
548 2887 743 2962 ναθσόδειν.

241 3068 243 3079 A
268 2999 413 3068 Marcelli
424 3020 451 3067 c.
474 3005 493 3065 8
515 3003 572 3086 (—
593 3002 714 3068 namde
737 3020 765 3067 o.
792 3000 813 3061 4
837 2999 954 3065 dictum
975 3001 1023 3066 est
1043 3020 1074 3083 p.
1088 3000 1150 3063 138
1163 3004 1232 3077 -μ

170 3099 213 3180 cie
236 3108 372 3191 ἐκείνων
393 3103 511 3192 μόναν
533 3094 684 3193 ὀπιμίων
706 3103 826 3183 όντων,
852 3101 915 3172 ὅσα
938 3106 993 3180 ναὶ
1015 3101 1234 3192 παρατάξεως

71 3267 74 3275 .
169 3209 273 3299 οόσης
293 3217 348 3282 ναὶ
371 3216 487 3302 πρώτα
521 3215 576 3281 καλ
602 3213 793 3302 στρατηγοῦ
821 3205 1011 3299 στρατηγόν
1040 3205 1233 3295 οἷνελόντος.

169 3317 205 3381 In
233 3321 350 3388 vitiosis
372 3323 426 3389 πολ
451 3322 567 3408 πρώτα
594 3321 673 3386 latet
699 3321 827 3386 verbum
854 3319 1062 3393 necessarium
1086 3320 1234 3386 acore

170 3449 304 3509 paean

170 3648 368 3656 ———-—-

201 3802 221 3863 1λ
242 3800 272 3856 O.
290 3802 325 3855 34
342 3802 412 3854 recte
441 3799 565 3853 Reishins
592 3799 673 3854 scribi
699 3799 814 3853 voluisse
841 3798 959 3854 videtur:
988 3797 1035 3852 καλ
1061 3797 1132 3870 τύχῃ
1151 3819 1234 3868 μετα-

240 3891 392 3962 βάλλεσθαι
425 3893 596 3954 ἄπολείπων,
626 3891 734 3947 fortuna
762 3886 862 3946 matari
892 3905 968 3959 posse
995 3889 1118 3945 evadens.
1163 3892 1235 3947 Nam

240 4000 326 4054 neque
345 3983 487 4042 ἀπολείπω
502 3988 552 4048 ¹cst
570 3988 726 4042 καταλείπω
743 3999 829 4052 noque
852 3980 921 4053 τύχη
942 3982 1169 4053 μεταβάλλεσθαι
1187 4001 1235 4056 pro

239 4099 264 4133 τ.
281 4081 332 4134 τοῦ
349 4081 445 4152 μεταβ.
463 4077 569 4134 dicitnr.
