2580 4530
219 275 261 338 84
659 273 719 337 Idb,
733 275 758 332 1.

177 467 290 557 ψυχήν
311 473 422 556 ψυχῆς
443 465 613 556 άρμονιόν
632 471 750 554 εἶναι),
772 471 827 536 sed
847 489 956 536 omues
979 489 1076 554 oeque,
1099 474 1135 536 ut
1148 490 1241 554 expe·

176 576 236 641 diri
262 578 410 659 nequeat,
445 596 498 640 our
523 577 601 644 alius
630 579 748 643 unimus
776 576 1025 642 subi‘oonveuiut
1047 578 1239 658 constetque,

176 682 255 748 elius
282 681 444 748 disoordet.
494 682 636 757 Alterum
665 683 805 749 sumatur
831 683 1009 764 exemplum
1036 701 1099 745 er.
1120 701 1152 763 p.
1174 683 1240 764 lp.

176 788 238 852 363
259 789 311 866 A,
325 788 378 853 ubi
399 787 443 853 Sit
464 787 624 862 stribituru
653 795 707 854 ἵνα
732 788 889 855 donodono
912 788 1028 874 denudo)
1053 787 1139 852 εἶναι
1162 792 1239 874 yu'y-

177 919 276 979 νηνοιι
299 887 374 970 εἶπά
400 894 463 979 τῆς
491 887 589 979 δόξης
618 887 717 982 άρχσί
746 922 782 960 ιε
812 896 865 960 κοιλ
893 890 998 981 γάμοι
1028 896 1082 959 καλ
1105 890 1237 979 ὅσαπερ

176 997 339 1074 Γλαύκων
352 1000 495 1084 διῆλθεν
506 998 580 1085 άρσι
592 994 662 1066 dud
674 1002 735 1067 σου
752 996 946 1090 εὐδοκιμεῖν
962 997 1045 1066 ὄντα
1062 999 1107 1084 τῷ
1123 994 1238 1084 σι’(λιίιιμ.

175 1109 257 1174 Non.
272 1107 472 1191 aptissimum*
496 1109 552 1173 hoo
579 1108 623 1194 τῷ
653 1101 756 1194 άλλνῳ
785 1110 849 1184 est;
883 1125 983 1190 neque
1011 1106 1091 1171 enim
1120 1105 1238 1171 Glauco

174 1214 289 1280 iniusto
315 1214 494 1296 simpliciter
515 1214 582 1279 haeu
603 1214 724 1281 evenire
746 1214 873 1290 dixerat,
897 1213 951 1278 sed
971 1211 1095 1288 iniusto,
1118 1211 1170 1294 qui
1186 1211 1237 1274 iu·

92 1358 97 1371 ,
175 1322 244 1386 stus
264 1302 447 1394 videretur.¹¹
474 1317 536 1382 Sed
557 1336 663 1387 omnes
685 1318 805 1384 eodiees
821 1320 945 1398 habent,
967 1317 1050 1401 quod
1066 1317 1139 1382 ferri
1154 1317 1237 1382 nullo

171 1425 265 1517 modo
292 1425 411 1508 potest,
444 1425 488 1510 νῷ
519 1425 647 1511 δικαίῳ.
679 1425 731 1488 ·ld
759 1442 819 1488 non
846 1423 1058 1508 corrigendum
1085 1423 1238 1488 uiolenter

175 1535 250 1609 eret,
274 1530 333 1596 sed·
350 1529 529 1609 tollendum,
552 1531 587 1594 ut
608 1531 690 1595 reete
712 1531 777 1595 sine
799 1529 901 1595 dativo
926 1530 1067 1595 dieantur
1082 1529 1137 1592 illa
1151 1548 1237 1593 oom-

174 1637 265 1702 modu
284 1654 323 1703 ex
343 1637 422 1701 bona
442 1636 525 1701 fama
547 1636 619 1701 oriri
640 1636 693 1718 (ei,
709 1637 760 1719 qui
775 1654 843 1700 eam
855 1635 989 1712 hebeat).
1030 1635 1238 1717 Interpolutor

173 1744 296 1827 propter
306 1735 511 1826 praeeedeutiu
531 1743 687 1808 λονοιῖνοι
700 1742 815 1828 δικαίῳ
828 1741 913 1806 εἶναι
928 1740 1064 1805 dativum
1081 1740 1237 1806 desidera-

175 1851 269 1927 verat,
280 1849 312 1915 in
328 1866 363 1914 eo
375 1849 514 1932 ponendo
530 1869 549 1915 ο
563 1850 714 1914 sententie
726 1847 928 1914 aberraverat.
975 1844 1123 1912 Eiusdem
1135 1846 1236 1930 operis

173 1955 250 2047 libro
272 1955 317 2019 VI
337 1976 366 2038 p.
390 1955 450 2018 505
472 1956 502 2020 A
521 1955 586 2021 haee
606 1955 763 2040 leguntur:
788 1955 860 2019 ἐπεὶ
886 1948 938 2018 ὅτι
961 1978 999 2038 με
1023 1946 1051 2036 ἦ·
1066 1955 1129 2017 ruri
1152 1945 1236 2038 οἴγο-

174 2063 245 2129 uod
269 2061 339 2126 ids'u
361 2067 522 2146 μέγιστον
543 2056 717 2146 μάθημα,
750 2051 914 2131 πολλάκις
936 2051 1103 2142 άκήκοσς,
1137 2045 1236 2146 ᾖδλ-

174 2188 251 2227 καιοι
288 2164 341 2228 κοιλ
365 2157 474 2231 κάλλει
506 2165 789 2252 προσχρησάμενα
820 2159 966 2250 χρήσιμα
997 2165 1051 2230 καλ
1082 2158 1234 2250 ω’φὲλιμσ

172 2269 336 2355 γίγνεται.
375 2270 428 2335 ·Ut
454 2274 706 2354 praetermittam,
739 2270 899 2336 dicendum
921 2270 1017 2335 fuisse
1039 2267 1080 2334 τά
1100 2269 1235 2349 δίκαια,

173 2386 295 2455 prorsus
317 2374 481 2440 ridiculum
503 2379 551 2442 est
573 2379 605 2442 et
626 2397 644 2441 a
664 2376 801 2442 Platonis
811 2379 916 2441 mente
928 2375 1174 2456 alienissimum,
1185 2378 1234 2441 iu·

173 2481 221 2544 sta
261 2479 320 2545 diei
355 2481 426 2545 boni
459 2483 528 2547 idea
555 2483 625 2547 fieri
651 2482 754 2561 utilia3
787 2500 859 2546 num
889 2501 986 2564 neque
1018 2481 1055 2545 de
1081 2482 1233 2548 iustorum

174 2583 309 2648 utilitate
332 2585 435 2669 egitur
457 2589 488 2653 et
514 2589 596 2654 iusta
611 2590 653 2676 τῇ
667 2588 727 2653 τοῦ
751 2587 975 2672 δικαίου-ἰδέᾳ
995 2587 1108 2654 velent.
1129 2589 1234 2654 Mani·

170 2689 286 2754 festum
315 2692 363 2756 est
390 2696 560 2776 comparari
586 2696 672 2759 veria
699 2687 895 2780 μαθήματα
927 2695 959 2758 et
986 2695 1046 2758 hoo
1074 2693 1151 2771 diei,
1187 2695 1234 2760 ita

17 2830 21 2836 ν
138 2882 139 2887 ¹
170 2813 327 2860 summum
354 2790 506 2884 μάθημα
535 2819 602 2866 esse
629 2801 700 2865 boni
725 2802 842 2879 ideam,
875 2800 914 2872 ut,
936 2817 993 2882 per
1014 2817 1083 2864 eum
1105 2799 1229 2865 demum

171 2901 272 2964 cetera
288 2921 405 2985 quoque
425 2899 622 2991 μεθήμονα
645 2907 733 2972 utilia
754 2907 839 2972 fient.
863 2919 864 2923 ’
889 2906 1017 2988 Scripsit
1030 2906 1126 2989 igitur
1141 2905 1231 2971 Plato

169 2995 202 3096 ᾐ
225 3009 280 3073 καλ
313 3001 451 3087 τᾶλλά,
479 3013 634 3078 Librarius
656 3014 788 3079 oscitans
821 3015 877 3077 καί
917 3031 972 3095 pro
1008 3013 1059 3090 et,
1093 3031 1155 3077 non
1175 3030 1231 3094 pro

170 3114 286 3179 etiem
313 3114 481 3199 accipiens,
518 3119 650 3198 addidit,
687 3120 767 3203 quod
794 3118 992 3203 responderet
1019 3115 1138 3180 seilicet
1159 3129 1231 3190 τοῖς

169 3216 286 3294 ἄλλοις
308 3221 578 3304 (quemadmodum
600 3225 693 3308 Gorg.
709 3245 739 3307 p.
751 3226 810 3287 477
830 3223 1011 3315 Dadditum
1032 3215 1113 3306 este}
1126 3215 1229 3310 λύπῃ,

167 3329 204 3392 ut
223 3327 420 3410 responderet
443 3330 544 3394 uerbis
565 3323 589 3413 ἢ
609 3323 742 3419 βλάβῃ,
772 3351 832 3395 non
853 3327 1024 3406 intellecto,
1051 3328 1107 3392 hoo
1126 3328 1230 3412 ipsum

166 3432 273 3497 referri
292 3433 342 3497 ad
352 3434 509 3514 superiora
529 3428 552 3518 ἢ
574 3428 800 3519 άνιυρόιανον
825 3438 878 3502 καὶ
893 3431 972 3519 οἷνίᾳ
984 3429 1229 3519 ὑπερβάλλον).

166 3537 336 3604 Platonicis
364 3540 508 3622 exemplis
530 3540 732 3625 adiungamus
764 3543 853 3607 unius
887 3541 1036 3624 praeterea
1063 3541 1229 3623 seripturis,

165 3636 334 3722 Plutarchi,
345 3644 522 3728 interposito
536 3648 641 3711 tamen
653 3647 718 3724 illo,
730 3666 821 3728 quem
835 3648 899 3712 iam
908 3647 999 3729 poulo
1010 3649 1082 3712 ante
1094 3647 1131 3712 ob
1144 3645 1231 3711 eliud

165 3740 311 3811 mendum
335 3752 518 3836 uttigimus,
552 3752 759 3835 Xenophontis
789 3753 854 3818 loeo
882 3753 1005 3817 Hellen.
1030 3754 1060 3831 I,
1101 3755 1136 3830 2,
1169 3754 1227 3816 10:

164 3863 236 3924 τοῖς
270 3852 304 3917 δὲ
339 3856 562 3940 Συρακοσίοις
595 3861 648 3924 καὶ
684 3858 914 3930 Σελινουσίοις
1071 3851 1227 3941 α’ριστεῖοι

162 3955 292 4022 ε”ιλοικσιν
321 3963 375 4025 καὶ
410 3965 506 4052 κοινῇ
544 3966 596 4030 καὶ
630 3965 700 4050 idios
729 3967 869 4036 πολλοῖς
897 3965 952 4029 καλ
980 3968 1087 4029 οἰκεῖν
1111 3959 1226 4030 άνελεῖ

162 4061 284 4128 ἔλουον
315 4067 360 4151 τῷ
393 4071 606 4159 βουλομένῳ.
626 4065 689 4137 del.
733 4072 817 4136 Nam
853 4071 885 4134 in
910 4070 967 4134 hoo
987 4069 1054 4134 looo
1076 4070 1108 4132 et
1131 4068 1227 4134 vehe-
