2580 4530
208 235 268 306 253
641 239 702 295 aro.
722 204 758 295 11.

226 463 227 466 ¹
266 439 384 504 Deinde
407 459 434 501 v.
461 438 538 498 1179
569 442 600 504 ot
630 437 726 513 1180,
759 435 931 518 inquibus
961 433 1073 498 menda
1100 451 1224 516 arguere

168 565 424 628 supervacaneum
448 548 496 618 est
524 563 623 629 nequo
649 544 777 609 aliomm
804 544 931 607 conatus
954 537 1118 604 admodum
1142 538 1225 604 refu-

168 653 281 716 tatione
305 653 405 736 ogent,
428 651 471 716 sic
493 650 644 716 scribendi
665 651 752 715 sunt:

256 749 399 823 Τοεόνδε
422 770 546 840 μῖσος
569 752 765 821 ausciensis
788 747 979 836 πρόσθεν
1002 743 1147 833 δόμοις

251 859 350 938 ἄπει
360 890 372 942 ,·
392 866 553 950 βραχείας
575 856 773 948 προφάσεως
797 861 910 925 ἐνδεῖ
932 849 1054 941 μόνον,
1131 945 1136 951 ⁴

253 963 303 1055 ἐφ’
326 959 348 1058 ᾖ
370 964 398 1036 ε’
421 966 483 1057 ἔχε)
507 972 562 1036 καί
586 971 704 1042 παῖδες
727 973 760 1034 αἱ
784 969 998 1049 λελεεμιμίναι
1132 954 1134 959 ’

252 1069 422 1160 δεξόμεθα
445 1078 542 1154 δέξιν,
565 1072 609 1161 ἦν
631 1103 667 1142 σε
690 1076 851 1152 δέξασθαι
870 1063 987 1159 χρεών.

169 1181 203 1243 1ο
231 1181 278 1245 his
312 1182 399 1248 ἐνδεῖ
421 1184 546 1250 Roiskio
575 1184 710 1256 debetur.
757 1181 899 1247 Codices:
935 1170 1064 1244 τοιόνδε
1093 1171 1228 1261 μισθόν

169 1285 364 1354 καταλιπών
384 1288 470 1374 πρὸς
491 1280 572 1363 ‘uode
593 1285 720 1372 δόμους
739 1295 743 1366 i
762 1289 837 1352 ἐπεὶ
852 1286 1012 1372 βραχείας
1028 1277 1229 1366 προφάσεως

169 1397 234 1459 ἔδει
263 1388 382 1480 μόνον.
436 1397 605 1480 Aptissima
632 1396 868 1480 Clytaemnestra
899 1394 1017 1465 monet,
1053 1409 1091 1454 ne
1121 1391 1229 1457 relicto

169 1483 251 1567 domi
280 1501 351 1567 odio
373 1503 481 1580 abeat,
515 1504 593 1587 quod
624 1501 715 1567 facile
736 1501 802 1566 fieri
829 1499 943 1582 possit,
976 1498 1011 1561 ut
1026 1496 1179 1595 'acerbum
1202 1496 1230 1560 oi

168 1608 301 1672 reditum
323 1611 417 1693 paret.
462 1609 587 1675 Certum
601 1613 648 1676 est
666 1609 746 1676 ἄπει
764 1611 797 1676 et
813 1604 1037 1677 sententiarum
1055 1601 1228 1677 distinctim

85 1716 90 1720 “
169 1714 224 1780 sed
247 1716 349 1780 ctiam.
362 1729 464 1801 μῖσος
487 1736 594 1782 rerum
615 1717 697 1800 puto.

268 1822 304 1885 V.
322 1823 417 1885 1248.
460 1823 528 1888 Non
549 1825 633 1889 recte
654 1823 827 1905 separatam
849 1819 921 1902 poni
943 1816 980 1881 de
1002 1815 1092 1879 aetate
1114 1813 1229 1877 libero·

168 1948 237 1992 rum
282 1929 465 1995 sententiam
504 1918 622 2008 (ἐσείν)
664 1928 817 1995 Nauckius
858 1926 963 1991 sensit.
1027 1919 1228 1986 Scribendum

170 2035 308 2100 videtur}

302 2135 320 2205 o‘
344 2145 409 2224 μὲν
435 2138 571 2214 νεοσσός
595 2151 751 2217 ἔτεσιν,
774 2135 796 2226 ἦ
818 2133 846 2204 δ’
869 2120 1049 2221 adificatas.

267 2247 304 2309 V.
330 2247 424 2312 1258:
942 2242 945 2260 ²

251 2353 387 2425 Δεινώς·
402 2354 429 2419 δ’
452 2362 516 2438 ἔχει
537 2379 598 2436 μοι
620 2352 728 2418 ταῦτα
750 2353 931 2436 τολμήσαι,
954 2339 1067 2434 γύναι,

252 2457 369 2531 δεινῶς
392 2461 425 2525 δὲ
448 2461 502 2525 καί
526 2455 590 2544 μή·
616 2461 715 2524 τοῦτο
738 2453 803 2545 χείρ
826 2457 950 2542 πρᾶξαί
971 2482 1015 2537 με
1039 2453 1100 2517 δεῖ.

143 2561 229 2642 ⁴Qui
251 2564 282 2628 ot
309 2564 410 2630 facere
438 2567 470 2630 et
500 2585 559 2631 non
588 2567 686 2631 facere
719 2566 833 2649 aliquid
865 2565 1002 2640 veretur,
1035 2579 1092 2624 non
1125 2560 1228 2641 potest

170 2685 292 2732 causam
315 2671 441 2736 verendi
464 2674 580 2748 afferre,
602 2672 660 2736 hoc
677 2672 823 2736 sefacere
839 2669 948 2735 debere
971 2668 1115 2751 (pondere
1133 2667 1226 2731 etiarn

169 2775 327 2839 sententiae
357 2778 389 2842 in
416 2779 517 2844 coriae
546 2779 759 2852 incumbente,
799 2777 877 2861 quod
909 2777 987 2842 mire
1016 2777 1087 2858 post
1120 2777 1225 2839 codro

170 2879 348 2958 subiicitur).
384 2883 487 2950 Unum
506 2885 606 2950 dicere
628 2887 739 2968 potest,
761 2886 817 2948 hoc
839 2885 904 2967 ipso
926 2902 958 2948 se
980 2882 1123 2965 torqueri,
1147 2881 1228 2964 quod

169 2981 200 3048 in
223 2986 351 3069 utraque
373 3009 405 3054 re
426 3009 511 3072 aeque
532 2991 662 3074 terribili
684 2992 769 3055 nulla
790 2991 878 3056 detur
899 2991 995 3072 optio:

400 3123 403 3126 ·
490 3099 590 3163 τοῦτο
613 3096 677 3186 χείρ
700 3090 860 3182 θρσῖξσίν
879 3088 918 3180 μ’
942 3095 1072 3184 ἔχεθ’).

170 3196 279 3263 Ortum
302 3201 447 3266 mendum
470 3222 505 3267 ex
528 3206 639 3269 rariore
662 3205 751 3270 verbi
768 3206 800 3269 et
822 3204 967 3270 orationis
989 3203 1094 3267 forma.
1127 3201 1226 3283 (Synt.

170 3304 223 3370 Gr.
246 3307 263 3388 ξ
289 3308 371 3384 179.)
410 3336 412 3341 ·

268 3414 334 3478 Ibd.
359 3415 456 3475 ‹13442

211 3511 316 3584 Ἀλλεί
339 3513 452 3602 μίμν’·
476 3514 516 3583 ου’
539 3516 746 3604 σεμνότητος
768 3529 877 3605 ἔργον,
900 3517 944 3605 ἢν
966 3516 1162 3606 δυνώμεθα.

170 3625 269 3689 Verba
299 3619 344 3709 ἢν
372 3621 557 3707 δυνώμεθα
586 3627 703 3690 nullam
733 3627 842 3692 habere
874 3630 1059 3693 sententiam
1088 3627 1126 3691 ab
1149 3627 1228 3693 Hor-

169 3749 280 3793 manno
302 3732 492 3797 intellectum
515 3736 569 3797 est.
615 3732 834 3797 Scribendum:

750 3835 794 3922 ἢν
818 3834 902 3904 δυσί
909 3868 957 3924 με
970 3849 1034 3905 θα.

205 4063 228 4125 ι1
250 4068 317 4118 Ann.
339 4066 433 4134 philol.
452 4067 544 4120 Danic.
563 4064 587 4118 V
606 4081 632 4132 p.
652 4067 686 4120 15
704 4068 732 4117 et
751 4067 809 4119 157.
