<?xml version="1.0" encoding="UTF-8"?>
<!DOCTYPE html PUBLIC "-//W3C//DTD XHTML 1.0 Transitional//EN"
    "http://www.w3.org/TR/xhtml1/DTD/xhtml1-transitional.dtd">
<html xmlns="http://www.w3.org/1999/xhtml" xml:lang="en" lang="en">
 <head>
  <title>
</title>
<meta http-equiv="Content-Type" content="text/html;charset=utf-8" />
  <meta name='ocr-system' content='tesseract 3.04.00' />
  <meta name='ocr-capabilities' content='ocr_page ocr_carea ocr_par ocr_line ocrx_word'/>
</head>
<body>
  <div class='ocr_page' id='page_1' title='image "./adversariacriti00madvgoog_0459.png"; bbox 0 0 2580 4530; ppageno 0'>
   <div class='ocr_carea' id='block_1_1' title="bbox 201 259 752 325">
    <p class='ocr_par' dir='ltr' id='par_1_1' title="bbox 201 259 752 325">
     <span class='ocr_line' id='line_1_1' title="bbox 201 259 752 325; baseline -0.009 -3"><span class='ocrx_word' id='word_1_1' title='bbox 201 260 265 325; x_wconf 79' lang='lat'><strong><em>440</em></strong></span> <span class='ocrx_word' id='word_1_2' title='bbox 552 266 554 271; x_wconf 85' lang='lat'>&#39;</span> <span class='ocrx_word' id='word_1_3' title='bbox 620 259 680 314; x_wconf 87' lang='lat' dir='ltr'><strong>Lib.</strong></span> <span class='ocrx_word' id='word_1_4' title='bbox 699 260 752 317; x_wconf 90' lang='lat'>111.</span> 
     </span>
    </p>
   </div>
   <div class='ocr_carea' id='block_1_2' title="bbox 153 448 1288 3740">
    <p class='ocr_par' dir='ltr' id='par_1_2' title="bbox 159 448 1220 649">
     <span class='ocr_line' id='line_1_2' title="bbox 159 448 1220 546; baseline 0.004 -22"><span class='ocrx_word' id='word_1_5' title='bbox 159 453 316 544; x_wconf 83' lang='grc' dir='ltr'><strong><em>με’νοις</em></strong></span> <span class='ocrx_word' id='word_1_6' title='bbox 360 458 467 542; x_wconf 78' lang='lat' dir='ltr'><strong>Longe</strong></span> <span class='ocrx_word' id='word_1_7' title='bbox 487 456 550 525; x_wconf 71' lang='lat' dir='ltr'><strong>alia</strong></span> <span class='ocrx_word' id='word_1_8' title='bbox 575 458 656 525; x_wconf 72' lang='lat' dir='ltr'><strong>ratio</strong></span> <span class='ocrx_word' id='word_1_9' title='bbox 686 461 733 523; x_wconf 78' lang='lat' dir='ltr'><strong><em>est</em></strong></span> <span class='ocrx_word' id='word_1_10' title='bbox 759 458 791 523; x_wconf 87' lang='lat' dir='ltr'><strong>in</strong></span> <span class='ocrx_word' id='word_1_11' title='bbox 820 448 1021 546; x_wconf 71' lang='grc' dir='ltr'><strong><em>διάγοντας</em></strong></span> <span class='ocrx_word' id='word_1_12' title='bbox 1016 485 1081 545; x_wconf 81' lang='grc' dir='ltr'><strong><em>μη</em></strong></span> <span class='ocrx_word' id='word_1_13' title='bbox 1110 461 1220 546; x_wconf 67' lang='grc' dir='ltr'><strong><em>λῆξαι.</em></strong></span> 
     </span>
     <span class='ocr_line' id='line_1_3' title="bbox 160 558 1048 649; baseline 0.001 -20"><span class='ocrx_word' id='word_1_14' title='bbox 160 565 238 649; x_wconf 86' lang='lat' dir='ltr'>quod</span> <span class='ocrx_word' id='word_1_15' title='bbox 260 562 451 647; x_wconf 63' lang='lat' dir='ltr'><strong>appositione</strong></span> <span class='ocrx_word' id='word_1_16' title='bbox 473 562 650 649; x_wconf 65' lang='lat' dir='ltr'><strong>adiungitur</strong></span> <span class='ocrx_word' id='word_1_17' title='bbox 671 565 710 628; x_wconf 82' lang='lat' dir='ltr'><strong><em>ad</em></strong></span> <span class='ocrx_word' id='word_1_18' title='bbox 732 590 772 630; x_wconf 88' lang='grc' dir='ltr'><strong><em>τα</em></strong></span> <span class='ocrx_word' id='word_1_19' title='bbox 797 558 883 632; x_wconf 78' lang='grc' dir='ltr'><strong><em>αὕτα</em></strong></span> <span class='ocrx_word' id='word_1_20' title='bbox 906 571 1048 631; x_wconf 67' lang='grc' dir='ltr'><strong><em>ἐκεῖνα.</em></strong></span> 
     </span>
    </p>

    <p class='ocr_par' dir='ltr' id='par_1_3' title="bbox 159 602 1288 977">
     <span class='ocr_line' id='line_1_4' title="bbox 259 602 1288 793; baseline 0.004 -58"><span class='ocrx_word' id='word_1_21' title='bbox 259 671 326 736; x_wconf 87' lang='lat' dir='ltr'><strong>Lib.</strong></span> <span class='ocrx_word' id='word_1_22' title='bbox 348 669 393 734; x_wconf 91' lang='lat' dir='ltr'><strong><em>IV</em></strong></span> <span class='ocrx_word' id='word_1_23' title='bbox 423 690 454 754; x_wconf 88' lang='lat' dir='ltr'><strong>p</strong></span> <span class='ocrx_word' id='word_1_24' title='bbox 483 670 544 735; x_wconf 88' lang='grc'><strong><em>709</em></strong></span> <span class='ocrx_word' id='word_1_25' title='bbox 570 670 615 736; x_wconf 93' lang='lat' dir='ltr'><strong><em>A:</em></strong></span> <span class='ocrx_word' id='word_1_26' title='bbox 652 672 784 756; x_wconf 91' lang='grc' dir='ltr'><strong><em>λοιμῶν</em></strong></span> <span class='ocrx_word' id='word_1_27' title='bbox 817 698 853 738; x_wconf 89' lang='grc' dir='ltr'><strong><em>τε</em></strong></span> <span class='ocrx_word' id='word_1_28' title='bbox 888 665 1134 793; x_wconf 72' lang='grc' dir='ltr'><strong><em>ἐμπιπτόντων</em></strong></span> <span class='ocrx_word' id='word_1_29' title='bbox 1167 672 1226 739; x_wconf 66' lang='grc' dir='ltr'><strong><em>καλ</em></strong></span> <span class='ocrx_word' id='word_1_30' title='bbox 1269 602 1288 775; x_wconf 63' lang='lat' dir='ltr'><strong>i</strong></span> 
     </span>
     <span class='ocr_line' id='line_1_5' title="bbox 159 770 1279 867; baseline 0.004 -24"><span class='ocrx_word' id='word_1_31' title='bbox 159 771 281 865; x_wconf 85' lang='grc' dir='ltr'><strong><em>χρόνον</em></strong></span> <span class='ocrx_word' id='word_1_32' title='bbox 306 778 361 841; x_wconf 75' lang='grc' dir='ltr'><strong><em>’ἐπὶ</em></strong></span> <span class='ocrx_word' id='word_1_33' title='bbox 384 770 496 843; x_wconf 80' lang='grc' dir='ltr'><strong><em>πολῶν</em></strong></span> <span class='ocrx_word' id='word_1_34' title='bbox 517 776 682 843; x_wconf 78' lang='grc' dir='ltr'><strong><em>ἐνιαυτῶν</em></strong></span> <span class='ocrx_word' id='word_1_35' title='bbox 709 779 845 844; x_wconf 89' lang='grc' dir='ltr'><strong><em>πολλῶν</em></strong></span> <span class='ocrx_word' id='word_1_36' title='bbox 867 771 1075 867; x_wconf 75' lang='grc' dir='ltr'><strong><em>πολλάκις</em></strong></span> <span class='ocrx_word' id='word_1_37' title='bbox 1052 778 1220 864; x_wconf 82' lang='grc' dir='ltr'><strong><em>ακαιρίας.</em></strong></span> <span class='ocrx_word' id='word_1_38' title='bbox 1275 776 1279 786; x_wconf 75' lang='grc'><strong>’</strong></span> 
     </span>
     <span class='ocr_line' id='line_1_6' title="bbox 160 883 829 977; baseline -0.001 -26"><span class='ocrx_word' id='word_1_39' title='bbox 160 883 598 977; x_wconf 74' lang='grc' dir='ltr'><strong><em>8οῶ1οοδααεάιιαρπιας</em></strong></span> <span class='ocrx_word' id='word_1_40' title='bbox 607 884 632 962; x_wconf 79' lang='lat'><strong><em>¹)</em></strong></span> <span class='ocrx_word' id='word_1_41' title='bbox 821 952 829 977; x_wconf 46' lang='lat' dir='ltr'>J</span> 
     </span>
    </p>

    <p class='ocr_par' dir='ltr' id='par_1_4' title="bbox 160 982 1232 1607">
     <span class='ocr_line' id='line_1_7' title="bbox 259 982 1223 1079; baseline 0.005 -26"><span class='ocrx_word' id='word_1_42' title='bbox 259 989 326 1055; x_wconf 87' lang='lat' dir='ltr'><strong>Ibd.</strong></span> <span class='ocrx_word' id='word_1_43' title='bbox 349 1010 380 1073; x_wconf 87' lang='lat' dir='ltr'><strong><em>p.</em></strong></span> <span class='ocrx_word' id='word_1_44' title='bbox 403 990 464 1051; x_wconf 87' lang='grc'><strong><em>714</em></strong></span> <span class='ocrx_word' id='word_1_45' title='bbox 485 991 529 1056; x_wconf 88' lang='lat' dir='ltr'><strong><em>B:</em></strong></span> <span class='ocrx_word' id='word_1_46' title='bbox 560 987 640 1057; x_wconf 86' lang='grc' dir='ltr'><strong><em>οίίτε</em></strong></span> <span class='ocrx_word' id='word_1_47' title='bbox 664 984 730 1077; x_wconf 72' lang='grc' dir='ltr'><strong><em>γαρ</em></strong></span> <span class='ocrx_word' id='word_1_48' title='bbox 759 982 846 1076; x_wconf 85' lang='grc' dir='ltr'><strong><em>πρδς</em></strong></span> <span class='ocrx_word' id='word_1_49' title='bbox 872 985 935 1055; x_wconf 86' lang='grc' dir='ltr'><strong><em>τόν</em></strong></span> <span class='ocrx_word' id='word_1_50' title='bbox 963 983 1120 1079; x_wconf 85' lang='grc' dir='ltr'><strong><em>πόλεμον</em></strong></span> <span class='ocrx_word' id='word_1_51' title='bbox 1143 987 1223 1058; x_wconf 84' lang='grc' dir='ltr'><strong><em>οίιτε</em></strong></span> 
     </span>
     <span class='ocr_line' id='line_1_8' title="bbox 161 1089 1230 1184; baseline 0.002 -22"><span class='ocrx_word' id='word_1_52' title='bbox 161 1093 248 1184; x_wconf 78' lang='grc' dir='ltr'><strong><em>πρός</em></strong></span> <span class='ocrx_word' id='word_1_53' title='bbox 269 1089 394 1181; x_wconf 75' lang='grc' dir='ltr'><strong><em>α’ρετήν</em></strong></span> <span class='ocrx_word' id='word_1_54' title='bbox 410 1091 494 1180; x_wconf 79' lang='grc' dir='ltr'><strong><em>ὅλην</em></strong></span> <span class='ocrx_word' id='word_1_55' title='bbox 514 1089 660 1182; x_wconf 75' lang='grc' dir='ltr'><strong><em>βλέπειν</em></strong></span> <span class='ocrx_word' id='word_1_56' title='bbox 683 1096 753 1162; x_wconf 74' lang='grc' dir='ltr'><strong><em>δεῖν</em></strong></span> <span class='ocrx_word' id='word_1_57' title='bbox 776 1096 864 1181; x_wconf 82' lang='grc' dir='ltr'><strong><em>φασί·</em></strong></span> <span class='ocrx_word' id='word_1_58' title='bbox 880 1093 961 1169; x_wconf 84' lang='grc' dir='ltr'><strong><em>ταῶς</em></strong></span> <span class='ocrx_word' id='word_1_59' title='bbox 982 1091 1126 1183; x_wconf 81' lang='grc' dir='ltr'><strong><em>νόμους,</em></strong></span> <span class='ocrx_word' id='word_1_60' title='bbox 1149 1090 1230 1164; x_wconf 81' lang='grc' dir='ltr'><strong><em>οἷλλ”</em></strong></span> 
     </span>
     <span class='ocr_line' id='line_1_9' title="bbox 160 1194 1224 1291; baseline 0.001 -22"><span class='ocrx_word' id='word_1_61' title='bbox 160 1199 236 1288; x_wconf 73' lang='grc' dir='ltr'><strong><em>ἥλις</em></strong></span> <span class='ocrx_word' id='word_1_62' title='bbox 264 1197 308 1286; x_wconf 78' lang='grc' dir='ltr'><strong><em>δν</em></strong></span> <span class='ocrx_word' id='word_1_63' title='bbox 339 1210 570 1288; x_wconf 74' lang='grc' dir='ltr'><strong><em>καθεστηκυῖα</em></strong></span> <span class='ocrx_word' id='word_1_64' title='bbox 598 1195 621 1291; x_wconf 74' lang='grc' dir='ltr'><em>ᾖ</em></span> <span class='ocrx_word' id='word_1_65' title='bbox 643 1203 817 1277; x_wconf 82' lang='grc' dir='ltr'><strong><em>πολιτεία,</em></strong></span> <span class='ocrx_word' id='word_1_66' title='bbox 847 1194 955 1289; x_wconf 77' lang='grc' dir='ltr'><strong><em>ταύτῃ</em></strong></span> <span class='ocrx_word' id='word_1_67' title='bbox 980 1203 1052 1269; x_wconf 78' lang='grc' dir='ltr'><strong><em>δεῖν</em></strong></span> <span class='ocrx_word' id='word_1_68' title='bbox 1074 1198 1114 1269; x_wconf 74' lang='lat' dir='ltr'><strong>cei</strong></span> <span class='ocrx_word' id='word_1_69' title='bbox 1136 1210 1224 1291; x_wconf 79' lang='grc' dir='ltr'><strong><em>’ξομ-</em></strong></span> 
     </span>
     <span class='ocr_line' id='line_1_10' title="bbox 162 1296 1223 1397; baseline 0.003 -21"><span class='ocrx_word' id='word_1_70' title='bbox 162 1303 275 1396; x_wconf 78' lang='grc' dir='ltr'><strong><em>φὲρον.</em></strong></span> <span class='ocrx_word' id='word_1_71' title='bbox 323 1302 678 1393; x_wconf 71' lang='lat' dir='ltr'><strong>Corruptum‘posterius</strong></span> <span class='ocrx_word' id='word_1_72' title='bbox 708 1310 787 1375; x_wconf 79' lang='grc' dir='ltr'><strong><em>δεῖν,</em></strong></span> <span class='ocrx_word' id='word_1_73' title='bbox 827 1296 1036 1376; x_wconf 64' lang='grc' dir='ltr'><strong><em>’δαείοεοδοαε</em></strong></span> <span class='ocrx_word' id='word_1_74' title='bbox 1066 1314 1223 1397; x_wconf 71' lang='grc' dir='ltr'><strong><em>ζητεῖτε.</em></strong></span> 
     </span>
     <span class='ocr_line' id='line_1_11' title="bbox 162 1415 1232 1504; baseline 0.004 -22"><span class='ocrx_word' id='word_1_75' title='bbox 162 1418 427 1501; x_wconf 73' lang='lat' dir='ltr'><strong>(Hermannuse</strong></span> <span class='ocrx_word' id='word_1_76' title='bbox 459 1415 638 1481; x_wconf 86' lang='lat' dir='ltr'><strong>Schneideri</strong></span> <span class='ocrx_word' id='word_1_77' title='bbox 674 1415 848 1481; x_wconf 77' lang='lat' dir='ltr'><strong>coniectura</strong></span> <span class='ocrx_word' id='word_1_78' title='bbox 888 1415 988 1493; x_wconf 79' lang='grc' dir='ltr'><strong><em>ἰδεῖν,</em></strong></span> <span class='ocrx_word' id='word_1_79' title='bbox 1035 1418 1091 1484; x_wconf 84' lang='lat' dir='ltr'><strong><em>sed</em></strong></span> <span class='ocrx_word' id='word_1_80' title='bbox 1123 1436 1232 1504; x_wconf 81' lang='lat' dir='ltr'><strong>neque·</strong></span> 
     </span>
     <span class='ocr_line' id='line_1_12' title="bbox 160 1521 796 1607; baseline -0.005 -19"><span class='ocrx_word' id='word_1_81' title='bbox 160 1524 280 1588; x_wconf 83' lang='lat' dir='ltr'><strong>rectum</strong></span> <span class='ocrx_word' id='word_1_82' title='bbox 301 1521 428 1605; x_wconf 78' lang='lat' dir='ltr'><strong>verbum</strong></span> <span class='ocrx_word' id='word_1_83' title='bbox 450 1524 498 1588; x_wconf 83' lang='lat' dir='ltr'><strong><em>est</em></strong></span> <span class='ocrx_word' id='word_1_84' title='bbox 518 1540 616 1607; x_wconf 88' lang='lat' dir='ltr'><strong>neque</strong></span> <span class='ocrx_word' id='word_1_85' title='bbox 638 1521 796 1602; x_wconf 73' lang='lat' dir='ltr'><strong>acrisius.)</strong></span> 
     </span>
    </p>

    <p class='ocr_par' dir='ltr' id='par_1_5' title="bbox 162 1618 1232 2141">
     <span class='ocr_line' id='line_1_13' title="bbox 202 1618 1223 1714; baseline 0.004 -21"><span class='ocrx_word' id='word_1_86' title='bbox 202 1642 205 1649; x_wconf 88' lang='lat'>&#39;</span> <span class='ocrx_word' id='word_1_87' title='bbox 260 1628 326 1693; x_wconf 85' lang='lat' dir='ltr'><strong>Ibd.</strong></span> <span class='ocrx_word' id='word_1_88' title='bbox 346 1649 376 1711; x_wconf 88' lang='lat' dir='ltr'><strong><em>p.</em></strong></span> <span class='ocrx_word' id='word_1_89' title='bbox 400 1629 459 1691; x_wconf 87' lang='grc'><strong><em>716</em></strong></span> <span class='ocrx_word' id='word_1_90' title='bbox 481 1629 523 1692; x_wconf 92' lang='lat' dir='ltr'><strong><em>B:</em></strong></span> <span class='ocrx_word' id='word_1_91' title='bbox 560 1629 674 1714; x_wconf 77' lang='grc' dir='ltr'><strong><em>Δῆλον</em></strong></span> <span class='ocrx_word' id='word_1_92' title='bbox 697 1618 865 1713; x_wconf 75' lang='grc' dir='ltr'><strong><em>δὴτοῶτό</em></strong></span> <span class='ocrx_word' id='word_1_93' title='bbox 886 1618 938 1714; x_wconf 69' lang='grc' dir='ltr'><strong><em>γε,</em></strong></span> <span class='ocrx_word' id='word_1_94' title='bbox 961 1622 1007 1701; x_wconf 90' lang='grc' dir='ltr'><strong><em>ῶς</em></strong></span> <span class='ocrx_word' id='word_1_95' title='bbox 1026 1628 1097 1696; x_wconf 88' lang='grc' dir='ltr'><strong><em>τῶν</em></strong></span> <span class='ocrx_word' id='word_1_96' title='bbox 1120 1635 1223 1708; x_wconf 80' lang='grc' dir='ltr'><strong><em>ξυνα-</em></strong></span> 
     </span>
     <span class='ocr_line' id='line_1_14' title="bbox 162 1729 1223 1855; baseline 0.004 -54"><span class='ocrx_word' id='word_1_97' title='bbox 162 1729 445 1821; x_wconf 79' lang='grc' dir='ltr'><strong><em>ιιολοαθηοόντων</em></strong></span> <span class='ocrx_word' id='word_1_98' title='bbox 480 1731 652 1820; x_wconf 63' lang='grc' dir='ltr'><strong><em>Λἐσόμενον</em></strong></span> <span class='ocrx_word' id='word_1_99' title='bbox 693 1734 738 1820; x_wconf 73' lang='grc' dir='ltr'><strong><em>τῷ</em></strong></span> <span class='ocrx_word' id='word_1_100' title='bbox 782 1734 854 1855; x_wconf 72' lang='grc' dir='ltr'><strong><em>θεῷ</em></strong></span> <span class='ocrx_word' id='word_1_101' title='bbox 899 1734 951 1801; x_wconf 83' lang='grc' dir='ltr'><strong><em>δεῖ</em></strong></span> <span class='ocrx_word' id='word_1_102' title='bbox 988 1734 1223 1826; x_wconf 72' lang='grc' dir='ltr'><strong><em>διανοηθῆναι</em></strong></span> 
     </span>
     <span class='ocr_line' id='line_1_15' title="bbox 163 1834 1222 1927; baseline 0.001 -20"><span class='ocrx_word' id='word_1_103' title='bbox 163 1835 275 1908; x_wconf 86' lang='grc' dir='ltr'><strong><em>ποίντα</em></strong></span> <span class='ocrx_word' id='word_1_104' title='bbox 299 1837 418 1926; x_wconf 78' lang='grc' dir='ltr'><strong><em>ἄνδρα.</em></strong></span> <span class='ocrx_word' id='word_1_105' title='bbox 464 1841 575 1909; x_wconf 53' lang='lat' dir='ltr'><strong>Scriba</strong></span> <span class='ocrx_word' id='word_1_106' title='bbox 606 1834 707 1907; x_wconf 82' lang='grc' dir='ltr'><strong><em>τοῦτο’</em></strong></span> <span class='ocrx_word' id='word_1_107' title='bbox 740 1865 796 1927; x_wconf 79' lang='grc' dir='ltr'><strong><em>γε,</em></strong></span> <span class='ocrx_word' id='word_1_108' title='bbox 824 1836 890 1905; x_wconf 85' lang='grc' dir='ltr'><strong><em>ὅτι</em></strong></span> <span class='ocrx_word' id='word_1_109' title='bbox 924 1836 968 1914; x_wconf 91' lang='grc' dir='ltr'><strong><em>ῶς</em></strong></span> <span class='ocrx_word' id='word_1_110' title='bbox 994 1840 1116 1908; x_wconf 74' lang='grc' dir='ltr'><strong><em>τῶνε.</em></strong></span> <span class='ocrx_word' id='word_1_111' title='bbox 1139 1871 1170 1911; x_wconf 88' lang='grc' dir='ltr'><strong><em>τ.</em></strong></span> <span class='ocrx_word' id='word_1_112' title='bbox 1194 1848 1222 1911; x_wconf 90' lang='grc' dir='ltr'><strong><em>λ</em></strong></span> 
     </span>
     <span class='ocr_line' id='line_1_16' title="bbox 163 1939 1232 2061; baseline 0.001 -45"><span class='ocrx_word' id='word_1_113' title='bbox 163 1949 305 2017; x_wconf 83' lang='lat' dir='ltr'><strong>Graecum</strong></span> <span class='ocrx_word' id='word_1_114' title='bbox 327 1950 375 2015; x_wconf 78' lang='lat' dir='ltr'><strong><em>est</em></strong></span> <span class='ocrx_word' id='word_1_115' title='bbox 401 1948 499 2012; x_wconf 88' lang='lat' dir='ltr'><strong>enim·</strong></span> <span class='ocrx_word' id='word_1_116' title='bbox 528 1939 779 2033; x_wconf 74' lang='grc' dir='ltr'><strong><em>διανοοῦμαι</em></strong></span> <span class='ocrx_word' id='word_1_117' title='bbox 754 1973 798 2061; x_wconf 77' lang='grc' dir='ltr'><strong><em>αις</em></strong></span> <span class='ocrx_word' id='word_1_118' title='bbox 820 1943 932 2012; x_wconf 72' lang='grc' dir='ltr'><strong><em>ἄλλων</em></strong></span> <span class='ocrx_word' id='word_1_119' title='bbox 954 1941 1206 2034; x_wconf 61' lang='grc' dir='ltr'><strong><em>δοομενων,“</em></strong></span> <span class='ocrx_word' id='word_1_120' title='bbox 1180 1978 1232 2026; x_wconf 85' lang='grc' dir='ltr'><strong><em>αις-</em></strong></span> 
     </span>
     <span class='ocr_line' id='line_1_17' title="bbox 163 2048 526 2141; baseline -0.008 -18"><span class='ocrx_word' id='word_1_121' title='bbox 163 2048 325 2141; x_wconf 82' lang='grc' dir='ltr'><strong><em>εὀομενος</em></strong></span> <span class='ocrx_word' id='word_1_122' title='bbox 349 2048 458 2128; x_wconf 83' lang='grc' dir='ltr'><strong><em>αῶτός</em></strong></span> <span class='ocrx_word' id='word_1_123' title='bbox 524 2068 526 2073; x_wconf 71' lang='grc'><em>“</em></span> 
     </span>
    </p>

    <p class='ocr_par' dir='ltr' id='par_1_6' title="bbox 153 2153 1231 3303">
     <span class='ocr_line' id='line_1_18' title="bbox 198 2153 1231 2247; baseline 0.002 -20.137"><span class='ocrx_word' id='word_1_124' title='bbox 198 2162 328 2227; x_wconf 88' lang='lat' dir='ltr'><strong>lbd.</strong></span> <span class='ocrx_word' id='word_1_125' title='bbox 348 2182 378 2244; x_wconf 90' lang='lat' dir='ltr'>p</span> <span class='ocrx_word' id='word_1_126' title='bbox 403 2159 524 2226; x_wconf 76' lang='grc' dir='ltr'><strong><em>717οτ</em></strong></span> <span class='ocrx_word' id='word_1_127' title='bbox 559 2153 768 2227; x_wconf 81' lang='grc' dir='ltr'><strong><em>α’ποτινοντα</em></strong></span> <span class='ocrx_word' id='word_1_128' title='bbox 793 2159 1002 2247; x_wconf 67' lang='grc' dir='ltr'><strong><em>δανείιοιατα</em></strong></span> <span class='ocrx_word' id='word_1_129' title='bbox 1027 2163 1231 2247; x_wconf 79' lang='grc' dir='ltr'><strong><em>ἐπιμελείας</em></strong></span> 
     </span>
     <span class='ocr_line' id='line_1_19' title="bbox 163 2258 1231 2352; baseline 0 -18"><span class='ocrx_word' id='word_1_130' title='bbox 163 2268 199 2335; x_wconf 80' lang='grc' dir='ltr'><strong><em>τέ</em></strong></span> <span class='ocrx_word' id='word_1_131' title='bbox 223 2269 277 2334; x_wconf 82' lang='grc' dir='ltr'><strong><em>καί</em></strong></span> <span class='ocrx_word' id='word_1_132' title='bbox 299 2259 587 2352; x_wconf 71' lang='grc' dir='ltr'><strong><em>ὑπερπονούντων</em></strong></span> <span class='ocrx_word' id='word_1_133' title='bbox 607 2261 729 2341; x_wconf 87' lang='grc' dir='ltr'><strong><em>ῶδῑνας</em></strong></span> <span class='ocrx_word' id='word_1_134' title='bbox 751 2261 938 2341; x_wconf 82' lang='grc' dir='ltr'><strong><em>παλαιῶς</em></strong></span> <span class='ocrx_word' id='word_1_135' title='bbox 923 2269 977 2334; x_wconf 85' lang='grc' dir='ltr'><strong><em>επὶ</em></strong></span> <span class='ocrx_word' id='word_1_136' title='bbox 997 2258 1090 2340; x_wconf 74' lang='grc' dir='ltr'><strong><em>νέοις</em></strong></span> <span class='ocrx_word' id='word_1_137' title='bbox 1112 2269 1231 2334; x_wconf 64' lang='grc' dir='ltr'><strong><em>δανειι</em></strong></span> 
     </span>
     <span class='ocr_line' id='line_1_20' title="bbox 164 2365 1223 2546; baseline -0.006 -104"><span class='ocrx_word' id='word_1_138' title='bbox 164 2375 324 2448; x_wconf 75' lang='grc' dir='ltr'><strong><em>οθειαας,</em></strong></span> <span class='ocrx_word' id='word_1_139' title='bbox 361 2367 569 2440; x_wconf 82' lang='grc' dir='ltr'><strong><em>α’ποδιδόντα</em></strong></span> <span class='ocrx_word' id='word_1_140' title='bbox 598 2375 633 2440; x_wconf 79' lang='grc' dir='ltr'><strong><em>δὲ</em></strong></span> <span class='ocrx_word' id='word_1_141' title='bbox 662 2376 862 2446; x_wconf 88' lang='grc' dir='ltr'><strong><em>παλαιοῖς</em></strong></span> <span class='ocrx_word' id='word_1_142' title='bbox 848 2398 883 2437; x_wconf 88' lang='grc' dir='ltr'><strong><em>εν</em></strong></span> <span class='ocrx_word' id='word_1_143' title='bbox 913 2372 958 2436; x_wconf 92' lang='grc' dir='ltr'><strong><em>τῶ</em></strong></span> <span class='ocrx_word' id='word_1_144' title='bbox 980 2365 1070 2497; x_wconf 82' lang='grc' dir='ltr'><strong><em>γήρα</em></strong></span> <span class='ocrx_word' id='word_1_145' title='bbox 1093 2368 1223 2546; x_wconf 82' lang='grc' dir='ltr'><strong><em>σφόδρα</em></strong></span> 
     </span>
     <span class='ocr_line' id='line_1_21' title="bbox 153 2471 1182 2568; baseline -0.002 -21"><span class='ocrx_word' id='word_1_146' title='bbox 153 2486 276 2568; x_wconf 75' lang='grc' dir='ltr'><strong><em>’κεχριμ</em></strong></span> <span class='ocrx_word' id='word_1_147' title='bbox 277 2475 391 2552; x_wconf 87' lang='grc' dir='ltr'><strong><em>ιε’νοις</em></strong></span> <span class='ocrx_word' id='word_1_148' title='bbox 437 2480 536 2545; x_wconf 81' lang='lat' dir='ltr'><strong>Prave</strong></span> <span class='ocrx_word' id='word_1_149' title='bbox 558 2481 723 2546; x_wconf 79' lang='lat' dir='ltr'><strong>adscensus</strong></span> <span class='ocrx_word' id='word_1_150' title='bbox 745 2480 862 2563; x_wconf 87' lang='lat' dir='ltr'><strong>species</strong></span> <span class='ocrx_word' id='word_1_151' title='bbox 884 2479 916 2543; x_wconf 93' lang='lat' dir='ltr'><strong>in</strong></span> <span class='ocrx_word' id='word_1_152' title='bbox 939 2471 1182 2546; x_wconf 81' lang='grc' dir='ltr'><strong><em>α’πετίνοντα.</em></strong></span> 
     </span>
     <span class='ocr_line' id='line_1_22' title="bbox 163 2578 1222 2668; baseline -0.003 -14"><span class='ocrx_word' id='word_1_153' title='bbox 163 2582 372 2655; x_wconf 86' lang='grc' dir='ltr'><strong><em>οἷποδιδόντα</em></strong></span> <span class='ocrx_word' id='word_1_154' title='bbox 396 2579 441 2661; x_wconf 76' lang='grc' dir='ltr'><strong><em>δέ,</em></strong></span> <span class='ocrx_word' id='word_1_155' title='bbox 464 2587 766 2668; x_wconf 77' lang='lat' dir='ltr'><strong>prave&#39;divelluntur</strong></span> <span class='ocrx_word' id='word_1_156' title='bbox 787 2582 937 2668; x_wconf 79' lang='grc' dir='ltr'><strong><em>παλαιῶς</em></strong></span> <span class='ocrx_word' id='word_1_157' title='bbox 957 2624 969 2647; x_wconf 89' lang='grc'><strong><em>-.</em></strong></span> <span class='ocrx_word' id='word_1_158' title='bbox 988 2630 1022 2647; x_wconf 82' lang='grc'><strong><em>..</em></strong></span> <span class='ocrx_word' id='word_1_159' title='bbox 1047 2578 1138 2659; x_wconf 80' lang='grc' dir='ltr'><strong><em>νέοις</em></strong></span> <span class='ocrx_word' id='word_1_160' title='bbox 1162 2634 1169 2649; x_wconf 90' lang='grc'><strong><em>.</em></strong></span> <span class='ocrx_word' id='word_1_161' title='bbox 1189 2633 1222 2651; x_wconf 89' lang='grc'><strong><em>..</em></strong></span> 
     </span>
     <span class='ocr_line' id='line_1_23' title="bbox 163 2685 1222 2777; baseline -0.003 -16"><span class='ocrx_word' id='word_1_162' title='bbox 163 2698 329 2766; x_wconf 87' lang='grc' dir='ltr'><strong><em>παλαιοῖς.</em></strong></span> <span class='ocrx_word' id='word_1_163' title='bbox 364 2694 542 2758; x_wconf 76' lang='lat' dir='ltr'><strong>Recie&#39;t</strong></span> <span class='ocrx_word' id='word_1_164' title='bbox 484 2693 542 2777; x_wconf 80' lang='lat' dir='ltr'><strong>1git</strong></span> <span class='ocrx_word' id='word_1_165' title='bbox 545 2714 580 2757; x_wconf 89' lang='lat' dir='ltr'><strong><em>ur</em></strong></span> <span class='ocrx_word' id='word_1_166' title='bbox 591 2693 699 2758; x_wconf 77' lang='lat' dir='ltr'><strong>Aetius</strong></span> <span class='ocrx_word' id='word_1_167' title='bbox 718 2693 753 2760; x_wconf 81' lang='grc' dir='ltr'><strong><em>δέ</em></strong></span> <span class='ocrx_word' id='word_1_168' title='bbox 769 2694 841 2776; x_wconf 76' lang='lat' dir='ltr'><strong><em>post</em></strong></span> <span class='ocrx_word' id='word_1_169' title='bbox 856 2685 1065 2758; x_wconf 82' lang='grc' dir='ltr'><strong><em>οίποδιδῶντα</em></strong></span> <span class='ocrx_word' id='word_1_170' title='bbox 1082 2693 1222 2770; x_wconf 71' lang='lat' dir='ltr'><strong>sustulii3</strong></span> 
     </span>
     <span class='ocr_line' id='line_1_24' title="bbox 162 2799 1224 2922; baseline -0.005 -53"><span class='ocrx_word' id='word_1_171' title='bbox 162 2803 216 2869; x_wconf 86' lang='lat' dir='ltr'><strong><em>sed</em></strong></span> <span class='ocrx_word' id='word_1_172' title='bbox 228 2802 295 2866; x_wconf 81' lang='lat' dir='ltr'><strong>duee</strong></span> <span class='ocrx_word' id='word_1_173' title='bbox 309 2800 415 2883; x_wconf 82' lang='lat' dir='ltr'><strong>pnimae</strong></span> <span class='ocrx_word' id='word_1_174' title='bbox 430 2818 520 2864; x_wconf 87' lang='lat' dir='ltr'><strong>voees</strong></span> <span class='ocrx_word' id='word_1_175' title='bbox 536 2799 741 2922; x_wconf 83' lang='lat' dir='ltr'><strong>superioribus</strong></span> <span class='ocrx_word' id='word_1_176' title='bbox 757 2799 957 2883; x_wconf 78' lang='lat' dir='ltr'><strong>adiungendae</strong></span> <span class='ocrx_word' id='word_1_177' title='bbox 970 2801 1052 2876; x_wconf 77' lang='lat' dir='ltr'><strong>suni</strong></span> <span class='ocrx_word' id='word_1_178' title='bbox 1074 2799 1224 2864; x_wconf 80' lang='lat' dir='ltr'><strong>utomnic</strong></span> 
     </span>
     <span class='ocr_line' id='line_1_25' title="bbox 161 2898 1223 2995; baseline -0.007 -20"><span class='ocrx_word' id='word_1_179' title='bbox 161 2909 205 2975; x_wconf 88' lang='lat' dir='ltr'><strong>sic</strong></span> <span class='ocrx_word' id='word_1_180' title='bbox 226 2905 403 2973; x_wconf 73' lang='lat' dir='ltr'><strong>decurrant.</strong></span> <span class='ocrx_word' id='word_1_181' title='bbox 434 2899 574 2990; x_wconf 87' lang='grc' dir='ltr'><strong><em>δεῶτερα</em></strong></span> <span class='ocrx_word' id='word_1_182' title='bbox 602 2899 643 2970; x_wconf 87' lang='grc' dir='ltr'><strong><em>τοί</em></strong></span> <span class='ocrx_word' id='word_1_183' title='bbox 672 2906 734 2971; x_wconf 85' lang='grc' dir='ltr'><strong><em>τοῶ</em></strong></span> <span class='ocrx_word' id='word_1_184' title='bbox 762 2902 937 2991; x_wconf 84' lang='grc' dir='ltr'><strong><em>οῶματος,</em></strong></span> <span class='ocrx_word' id='word_1_185' title='bbox 969 2930 1079 2995; x_wconf 88' lang='grc' dir='ltr'><strong><em>τριτα</em></strong></span> <span class='ocrx_word' id='word_1_186' title='bbox 1087 2898 1138 2969; x_wconf 86' lang='grc' dir='ltr'><strong><em>’τοί</em></strong></span> <span class='ocrx_word' id='word_1_187' title='bbox 1163 2906 1223 2990; x_wconf 80' lang='grc' dir='ltr'><strong><em>τῆς</em></strong></span> 
     </span>
     <span class='ocr_line' id='line_1_26' title="bbox 161 3009 1223 3102; baseline -0.004 -22"><span class='ocrx_word' id='word_1_188' title='bbox 161 3036 271 3102; x_wconf 80' lang='grc' dir='ltr'><strong><em>ψοχτς</em></strong></span> <span class='ocrx_word' id='word_1_189' title='bbox 292 3009 502 3078; x_wconf 83' lang='grc' dir='ltr'><strong><em>α’ποτίνοντα</em></strong></span> <span class='ocrx_word' id='word_1_190' title='bbox 522 3011 751 3096; x_wconf 83' lang='grc' dir='ltr'><strong><em>δανειοματα,</em></strong></span> <span class='ocrx_word' id='word_1_191' title='bbox 774 3014 969 3098; x_wconf 78' lang='grc' dir='ltr'><strong><em>ἐπιμελείας</em></strong></span> <span class='ocrx_word' id='word_1_192' title='bbox 984 3012 1091 3076; x_wconf 77' lang='grc' dir='ltr'><strong><em>τεκαὶ</em></strong></span> <span class='ocrx_word' id='word_1_193' title='bbox 1115 3030 1223 3097; x_wconf 78' lang='grc' dir='ltr'><strong><em>οπερ-</em></strong></span> 
     </span>
     <span class='ocr_line' id='line_1_27' title="bbox 162 3112 1222 3194; baseline -0.005 -5"><span class='ocrx_word' id='word_1_194' title='bbox 162 3145 360 3189; x_wconf 86' lang='grc' dir='ltr'><strong><em>πονοτντων</em></strong></span> <span class='ocrx_word' id='word_1_195' title='bbox 394 3112 519 3192; x_wconf 90' lang='grc' dir='ltr'><strong><em>ῶδῐνας</em></strong></span> <span class='ocrx_word' id='word_1_196' title='bbox 544 3169 551 3185; x_wconf 88' lang='grc'><strong><em>.</em></strong></span> <span class='ocrx_word' id='word_1_197' title='bbox 578 3167 616 3184; x_wconf 91' lang='grc'><strong><em>..</em></strong></span> <span class='ocrx_word' id='word_1_198' title='bbox 648 3119 889 3194; x_wconf 77' lang='grc' dir='ltr'><strong><em>δανεισθείσας</em></strong></span> <span class='ocrx_word' id='word_1_199' title='bbox 917 3112 1128 3185; x_wconf 85' lang='grc' dir='ltr'><strong><em>α’ποδιδόντα</em></strong></span> <span class='ocrx_word' id='word_1_200' title='bbox 1157 3145 1222 3184; x_wconf 92' lang='grc' dir='ltr'><strong><em>πα-</em></strong></span> 
     </span>
     <span class='ocr_line' id='line_1_28' title="bbox 162 3225 429 3303; baseline -0.023 -6"><span class='ocrx_word' id='word_1_201' title='bbox 162 3233 316 3303; x_wconf 86' lang='grc' dir='ltr'><strong><em>λαιοῑςιι</em></strong></span> <span class='ocrx_word' id='word_1_202' title='bbox 344 3242 378 3291; x_wconf 83' lang='grc' dir='ltr'><strong><em>τ.</em></strong></span> <span class='ocrx_word' id='word_1_203' title='bbox 402 3225 429 3287; x_wconf 85' lang='grc' dir='ltr'><strong><em>λ.</em></strong></span> 
     </span>
    </p>

    <p class='ocr_par' dir='ltr' id='par_1_7' title="bbox 159 3298 1223 3740">
     <span class='ocr_line' id='line_1_29' title="bbox 260 3298 1222 3416; baseline 0 -18"><span class='ocrx_word' id='word_1_204' title='bbox 260 3333 325 3399; x_wconf 85' lang='lat' dir='ltr'><strong><em>lbd</em></strong></span> <span class='ocrx_word' id='word_1_205' title='bbox 348 3324 529 3414; x_wconf 79' lang='grc' dir='ltr'><strong>ρ.71717.])</strong></span> <span class='ocrx_word' id='word_1_206' title='bbox 552 3323 642 3415; x_wconf 71' lang='grc' dir='ltr'><strong><em>μήθ</em></strong></span> <span class='ocrx_word' id='word_1_207' title='bbox 664 3298 896 3416; x_wconf 72' lang='grc' dir='ltr'><strong><em>ὑπεραίροντα</em></strong></span> <span class='ocrx_word' id='word_1_208' title='bbox 920 3331 987 3396; x_wconf 85' lang='grc' dir='ltr'><strong><em>τῶν</em></strong></span> <span class='ocrx_word' id='word_1_209' title='bbox 1010 3328 1222 3413; x_wconf 76' lang='grc' dir='ltr'><strong><em>εἰθισμένων</em></strong></span> 
     </span>
     <span class='ocr_line' id='line_1_30' title="bbox 161 3425 1222 3529; baseline -0.004 -22"><span class='ocrx_word' id='word_1_210' title='bbox 161 3439 270 3529; x_wconf 79' lang='grc' dir='ltr'><strong><em>ὄγκων</em></strong></span> <span class='ocrx_word' id='word_1_211' title='bbox 290 3434 360 3524; x_wconf 85' lang='grc' dir='ltr'><strong><em>μήτ</em></strong></span> <span class='ocrx_word' id='word_1_212' title='bbox 361 3425 644 3500; x_wconf 78' lang='grc' dir='ltr'><strong><em>’ἐλλείποντα</em></strong></span> <span class='ocrx_word' id='word_1_213' title='bbox 620 3463 665 3502; x_wconf 87' lang='grc' dir='ltr'><strong><em>ων</em></strong></span> <span class='ocrx_word' id='word_1_214' title='bbox 692 3442 725 3502; x_wconf 89' lang='grc' dir='ltr'><strong><em>οἱ</em></strong></span> <span class='ocrx_word' id='word_1_215' title='bbox 752 3433 967 3522; x_wconf 81' lang='grc' dir='ltr'><strong><em>προπάτορες</em></strong></span> <span class='ocrx_word' id='word_1_216' title='bbox 989 3435 1070 3511; x_wconf 79' lang='grc' dir='ltr'><strong><em>ταῶς</em></strong></span> <span class='ocrx_word' id='word_1_217' title='bbox 1092 3439 1222 3505; x_wconf 83' lang='grc' dir='ltr'><strong><em>ἑαοτῶν</em></strong></span> 
     </span>
     <span class='ocr_line' id='line_1_31' title="bbox 160 3540 1223 3635; baseline -0.001 -23"><span class='ocrx_word' id='word_1_218' title='bbox 160 3540 326 3635; x_wconf 78' lang='grc' dir='ltr'><strong><em>γεννητῶς</em></strong></span> <span class='ocrx_word' id='word_1_219' title='bbox 348 3543 521 3609; x_wconf 80' lang='grc' dir='ltr'><strong><em>ἐτίθεσαν.</em></strong></span> <span class='ocrx_word' id='word_1_220' title='bbox 556 3543 622 3608; x_wconf 87' lang='grc' dir='ltr'><strong><em>Ηοο</em></strong></span> <span class='ocrx_word' id='word_1_221' title='bbox 637 3544 681 3609; x_wconf 90' lang='lat' dir='ltr'><strong>sic</strong></span> <span class='ocrx_word' id='word_1_222' title='bbox 696 3543 817 3622; x_wconf 79' lang='lat' dir='ltr'><strong>dieitur,</strong></span> <span class='ocrx_word' id='word_1_223' title='bbox 838 3543 926 3627; x_wconf 86' lang='lat' dir='ltr'><strong>qnasi</strong></span> <span class='ocrx_word' id='word_1_224' title='bbox 948 3547 1087 3610; x_wconf 81' lang='lat' dir='ltr'><strong>consueti</strong></span> <span class='ocrx_word' id='word_1_225' title='bbox 1108 3545 1223 3611; x_wconf 80' lang='lat' dir='ltr'><strong>inerint</strong></span> 
     </span>
     <span class='ocr_line' id='line_1_32' title="bbox 159 3642 1221 3740; baseline -0.001 -21"><span class='ocrx_word' id='word_1_226' title='bbox 159 3650 253 3740; x_wconf 83' lang='grc' dir='ltr'><strong><em>ὅγιιοι</em></strong></span> <span class='ocrx_word' id='word_1_227' title='bbox 275 3649 423 3732; x_wconf 84' lang='lat' dir='ltr'><strong>superbiae</strong></span> <span class='ocrx_word' id='word_1_228' title='bbox 444 3650 613 3730; x_wconf 72' lang='lat' dir='ltr'><strong>fastusque.</strong></span> <span class='ocrx_word' id='word_1_229' title='bbox 648 3647 758 3713; x_wconf 85' lang='lat' dir='ltr'><strong>Scrib.:</strong></span> <span class='ocrx_word' id='word_1_230' title='bbox 777 3642 1005 3732; x_wconf 73' lang='grc' dir='ltr'><strong><em>ὑπεραίροντα</em></strong></span> <span class='ocrx_word' id='word_1_231' title='bbox 1023 3651 1091 3716; x_wconf 93' lang='grc' dir='ltr'><strong><em>τῶν</em></strong></span> <span class='ocrx_word' id='word_1_232' title='bbox 1107 3656 1221 3718; x_wconf 75' lang='grc' dir='ltr'><strong><em>εἰθισ-</em></strong></span> 
     </span>
    </p>
   </div>
   <div class='ocr_carea' id='block_1_3' title="bbox 160 3790 358 3797">
    <p class='ocr_par' dir='ltr' id='par_1_8' title="bbox 160 3790 358 3797">
     <span class='ocr_line' id='line_1_33' title="bbox 160 3790 358 3797; baseline -0.005 0"><span class='ocrx_word' id='word_1_233' title='bbox 160 3790 358 3797; x_wconf 80' lang='lat'><em>———..—</em></span> 
     </span>
    </p>
   </div>
   <div class='ocr_carea' id='block_1_4' title="bbox 185 3836 1227 4186">
    <p class='ocr_par' dir='ltr' id='par_1_9' title="bbox 185 3836 1219 3908">
     <span class='ocr_line' id='line_1_34' title="bbox 185 3836 1219 3908; baseline 0.006 -18"><span class='ocrx_word' id='word_1_234' title='bbox 185 3836 208 3905; x_wconf 86' lang='lat'><strong><em>¹)</em></strong></span> <span class='ocrx_word' id='word_1_235' title='bbox 226 3837 256 3891; x_wconf 91' lang='lat' dir='ltr'><strong><em>P.</em></strong></span> <span class='ocrx_word' id='word_1_236' title='bbox 276 3839 328 3892; x_wconf 76' lang='lat'><strong><em>712</em></strong></span> <span class='ocrx_word' id='word_1_237' title='bbox 345 3837 368 3890; x_wconf 82' lang='lat' dir='ltr'>E</span> <span class='ocrx_word' id='word_1_238' title='bbox 386 3852 471 3908; x_wconf 84' lang='lat' dir='ltr'>prope</span> <span class='ocrx_word' id='word_1_239' title='bbox 485 3836 645 3891; x_wconf 81' lang='lat' dir='ltr'><strong>incredibile</strong></span> <span class='ocrx_word' id='word_1_240' title='bbox 668 3836 788 3902; x_wconf 72' lang='lat' dir='ltr'><strong>videtur,</strong></span> <span class='ocrx_word' id='word_1_241' title='bbox 815 3839 843 3891; x_wconf 76' lang='lat' dir='ltr'><strong>ei</strong></span> <span class='ocrx_word' id='word_1_242' title='bbox 867 3839 956 3892; x_wconf 78' lang='lat' dir='ltr'><strong>tamen</strong></span> <span class='ocrx_word' id='word_1_243' title='bbox 974 3855 1085 3908; x_wconf 87' lang='lat' dir='ltr'><strong>prorsus</strong></span> <span class='ocrx_word' id='word_1_244' title='bbox 1107 3857 1219 3896; x_wconf 84' lang='lat' dir='ltr'><strong>consen·</strong></span> 
     </span>
    </p>

    <p class='ocr_par' dir='ltr' id='par_1_10' title="bbox 198 3929 1227 4186">
     <span class='ocr_line' id='line_1_35' title="bbox 198 3929 1227 3994; baseline 0.005 -11"><span class='ocrx_word' id='word_1_245' title='bbox 198 3944 202 3956; x_wconf 87' lang='lat'>·</span> <span class='ocrx_word' id='word_1_246' title='bbox 228 3931 336 3983; x_wconf 68' lang='lat' dir='ltr'><strong>sancum</strong></span> <span class='ocrx_word' id='word_1_247' title='bbox 353 3929 500 3985; x_wconf 81' lang='lat' dir='ltr'>multorum</span> <span class='ocrx_word' id='word_1_248' title='bbox 516 3929 703 3984; x_wconf 83' lang='lat' dir='ltr'><strong>consuetudini</strong></span> <span class='ocrx_word' id='word_1_249' title='bbox 714 3932 763 3994; x_wconf 76' lang='lat' dir='ltr'><strong>est,</strong></span> <span class='ocrx_word' id='word_1_250' title='bbox 784 3946 844 3984; x_wconf 85' lang='lat' dir='ltr'><strong><em>eum</em></strong></span> <span class='ocrx_word' id='word_1_251' title='bbox 855 3929 1035 3986; x_wconf 79' lang='lat' dir='ltr'><strong>Stallbanmio</strong></span> <span class='ocrx_word' id='word_1_252' title='bbox 1053 3933 1082 3985; x_wconf 92' lang='lat' dir='ltr'><strong>in</strong></span> <span class='ocrx_word' id='word_1_253' title='bbox 1101 3937 1227 3989; x_wconf 85' lang='lat' dir='ltr'><strong>mentem-</strong></span> 
     </span>
     <span class='ocr_line' id='line_1_36' title="bbox 227 4017 1220 4093; baseline 0.007 -18"><span class='ocrx_word' id='word_1_254' title='bbox 227 4021 345 4075; x_wconf 80' lang='lat' dir='ltr'><strong>venisset</strong></span> <span class='ocrx_word' id='word_1_255' title='bbox 369 4037 400 4075; x_wconf 83' lang='lat' dir='ltr'><strong><em>ex</em></strong></span> <span class='ocrx_word' id='word_1_256' title='bbox 426 4017 461 4077; x_wconf 76' lang='grc' dir='ltr'><strong><em>διν</em></strong></span> <span class='ocrx_word' id='word_1_257' title='bbox 487 4021 640 4093; x_wconf 76' lang='grc' dir='ltr'><strong><em>ἐρωτηθεὶς</em></strong></span> <span class='ocrx_word' id='word_1_258' title='bbox 656 4023 715 4078; x_wconf 85' lang='lat' dir='ltr'><strong>fieri</strong></span> <span class='ocrx_word' id='word_1_259' title='bbox 739 4036 817 4093; x_wconf 83' lang='lat' dir='ltr'><strong>posse</strong></span> <span class='ocrx_word' id='word_1_260' title='bbox 840 4019 1037 4092; x_wconf 62' lang='lat' dir='ltr'><strong>desponsionis,</strong></span> <span class='ocrx_word' id='word_1_261' title='bbox 1069 4027 1160 4081; x_wconf 80' lang='lat' dir='ltr'><strong>tamen</strong></span> <span class='ocrx_word' id='word_1_262' title='bbox 1185 4027 1220 4081; x_wconf 83' lang='lat' dir='ltr'><strong><em>sb</em></strong></span> 
     </span>
     <span class='ocr_line' id='line_1_37' title="bbox 226 4113 1123 4186; baseline 0.007 -19"><span class='ocrx_word' id='word_1_263' title='bbox 226 4114 286 4184; x_wconf 87' lang='lat' dir='ltr'><strong>ipso</strong></span> <span class='ocrx_word' id='word_1_264' title='bbox 305 4113 462 4184; x_wconf 81' lang='lat' dir='ltr'><strong>pravissime</strong></span> <span class='ocrx_word' id='word_1_265' title='bbox 479 4116 575 4186; x_wconf 79' lang='lat' dir='ltr'><strong>pesitae</strong></span> <span class='ocrx_word' id='word_1_266' title='bbox 594 4116 732 4185; x_wconf 69' lang='lat' dir='ltr'><strong>pasciculus</strong></span> <span class='ocrx_word' id='word_1_267' title='bbox 749 4115 879 4186; x_wconf 81' lang='lat' dir='ltr'><strong>effugium</strong></span> <span class='ocrx_word' id='word_1_268' title='bbox 897 4115 1040 4184; x_wconf 80' lang='lat' dir='ltr'><strong>quaesitum</strong></span> <span class='ocrx_word' id='word_1_269' title='bbox 1058 4133 1123 4173; x_wconf 87' lang='lat' dir='ltr'><strong>esse.</strong></span> 
     </span>
    </p>
   </div>
   <div class='ocr_carea' id='block_1_5' title="bbox 0 0 1294 4530">
    <p class='ocr_par' dir='ltr' id='par_1_11' title="bbox 0 0 1294 4530">
     <span class='ocr_line' id='line_1_38' title="bbox 0 0 1294 4530; baseline 0 0"><span class='ocrx_word' id='word_1_270' title='bbox 0 0 1294 4530; x_wconf 95' lang='lat' dir='ltr'><strong><em> </em></strong></span> 
     </span>
    </p>
   </div>
  </div>
 </body>
</html>
