2626 4530
594 236 654 295 nub.
671 237 726 296 na
1086 242 1147 306 355

123 431 331 522 α’ναμενεῑς,
364 443 514 522 ἔφασαν,
547 430 628 509 τούς
650 430 801 522 ὁμήρους
834 448 894 514 ἕως
916 435 960 508 ἂν
983 433 1189 528 σῖνοῖγοιμενς

121 545 262 628 (Omisso
294 544 328 610 τί
350 545 404 626 δέ,·
440 547 561 628 poterut
582 543 658 608 dici:
709 539 764 611 Ου’
790 540 855 632 γάρ
885 539 1092 633 α’ναμενεῐτς,
1132 550 1190 616 Illo

121 651 284 734 praemisso
306 670 434 733 pravum
456 650 529 734 est.)
628 702 630 707 .

225 757 292 823 Ibd.
317 757 346 833 3,
370 758 410 819 14
432 757 627 822 scribendum
654 758 746 839 puto:
775 751 865 844 ὅγε
894 753 968 844 μήν
988 752 1124 842 μάλιστ’
1145 759 1192 826 ι’έν

120 889 177 938 τις
199 864 389 952 φοβηθείη,
418 858 469 950 μή
502 855 613 946 δεήσει
642 856 693 945 ἐφ’
722 869 832 930 ἵππου
861 860 1071 932 κινδυνεύειν
1097 861 1190 952 ήμιὶς

123 966 293 1056 πρότερον
317 973 401 1055 πρὶν
423 963 592 1057 α’κριβοήν
615 962 652 1034 τδ
676 975 776 1054 ἔργον
797 971 911 1044 τοῦτο,
934 967 1077 1039 κᾶπειτα
1100 968 1187 1058 μήτε

123 1079 221 1158 πεζοὶ
251 1083 301 1145 ε”τι
324 1069 416 1161 ὦμεν
437 1072 525 1163 μήτε
548 1101 600 1141 τισι
621 1080 739 1148 ἱππεῖς
761 1078 881 1158 ἱκανοί,
904 1076 1023 1145 sublato
1048 1084 1088 1156 εἰ,
1105 1081 1190 1163 quod

119 1187 205 1252 inter
225 1179 277 1270 μή
300 1187 333 1250 et
354 1177 465 1268 δεήσει
487 1181 705 1266 interponitur3
739 1201 836 1267 neque
859 1185 941 1250 enim
963 1192 1081 1255 neotum
1102 1190 1188 1256 vide-

121 1294 193 1356 tur:
216 1285 279 1376 ιιή,
302 1295 333 1357 εἰ
357 1282 468 1376 δεήσει
494 1338 501 1352 .
527 1334 535 1351 .
558 1336 580 1365 .,
603 1284 748 1354 κᾶπειτα
771 1313 800 1353 ιι.
823 1315 853 1354 τ.
877 1293 905 1355 λ.
969 1346 972 1354 .
1050 1374 1054 1378 b

224 1397 292 1462 Lib.
302 1397 341 1477 V,
363 1400 393 1479 2,
414 1399 450 1462 5:
471 1397 569 1482 βοῦς,
591 1393 702 1479 αἶγας,
725 1393 870 1472 eleonis,
894 1400 947 1465 nol
962 1402 1034 1466 εἴτι
1045 1395 1187 1488 βρωτόν.

122 1505 265 1570 Debebat
275 1505 386 1571 saltem
397 1505 458 1569 diei
469 1529 500 1568 τι
515 1499 598 1568 ἄλλο
609 1493 750 1587 βρωτόν.
773 1500 833 1566 Sed
848 1504 967 1570 oodioes
977 1506 1007 1570 A
1019 1507 1075 1573 Ga
1089 1508 1190 1592 primo

121 1629 220 1675 manu
241 1603 398 1696 α’ρρητον.
439 1609 545 1674 natet:
570 1608 623 1673 noi
650 1610 683 1672 εἴ
702 1632 733 1670 τι
757 1598 970 1692 α’γρευτόν.
1005 1609 1187 1700 ’Ἁγρευμα

121 1719 157 1782 et
178 1709 376 1803 α’γρευτικός
399 1734 452 1799 pro
475 1707 655 1799 θήρευμα,
687 1699 893 1797 θηρευτιιιός
926 1720 938 1794 (
944 1711 1081 1802 θήρευσε
1104 1725 1185 1788 enim

120 1822 154 1886 in
181 1843 272 1907 prosa
293 1822 429 1888 oratione
452 1821 676 1904 frequentatur)
697 1819 866 1903 Xenophon
887 1822 982 1888 etiam
1007 1824 1081 1890 alibi
1102 1826 1188 1894 dixit.

223 1928 290 1994 Ibd.
313 1929 343 2005 3,
366 1928 399 1992 9:
425 1929 479 1992 not
502 1927 724 2009 πρῶτονμὲν
748 1921 835 1992 οὕτω
858 1929 949 1994 τιοιέι
970 1925 1063 2003 ὅπως
1075 1925 1119 1996 ἄν
1130 1934 1188 2015 (εἰσ

121 2031 194 2104 οεσῖ
205 2031 249 2101 ἄν
258 2055 314 2118 pro
328 2031 374 2100 δν
388 2034 495 2113 Diod.)
513 2025 617 2106 αὐτός
631 2035 722 2121 λέγῃ,
746 2032 875 2117 εῖδήτε·
885 2063 888 2072 ·
898 2031 1040 2102 ἐπειδᾶν
1055 2037 1089 2103 δὲ
1105 2063 1188 2125 συγ-

121 2148 204 2234 γένῃ
228 2143 319 2229 αὐτῷ
344 2169 373 2206 κ.
402 2167 430 2205 τ.
463 2141 491 2203 l.
544 2141 725 2204 Perversum
757 2139 875 2220 plurale
907 2144 1031 2209 verbum
1066 2146 1188 2232 εἰδῆτε,
1304 2220 1309 2227 ,

122 2251 266 2335 qnoniam
294 2249 377 2314 solus
407 2245 544 2329 Gobryas
568 2246 721 2327 explorare
751 2245 888 2310 animum
910 2249 1036 2316 alterins
1057 2253 1187 2333 iubetur,

121 2374 301 2441 perversum
324 2348 368 2419 δν
395 2355 473 2440 λέγῃ
503 2351 715 2434 (nequeenim
739 2350 899 2418 devertis
921 2357 1095 2439 agebatur),
1118 2379 1188 2442 per.

123 2461 337 2528 versissimum
361 2461 514 2543 Gobryam
536 2457 634 2522 iuberi
663 2457 751 2535 seire,
771 2457 853 2540 quid,
866 2459 945 2524 alter
967 2461 1056 2537 dieat
1080 2464 1189 2530 deinde

123 2589 195 2635 oum
229 2586 263 2632 eo
284 2566 411 2649 colloqui
441 2558 593 2643 (ἐπειδάν
626 2563 660 2628 δὲ
693 2567 839 2651 συγγένῃ
860 2559 974 2653 αὐτῷ).
1029 2570 1189 2635 Accedunt

122 2678 156 2742 in
179 2673 334 2740 codicibus
356 2670 610 2737 manifestissima
629 2669 870 2752 interpolationis
898 2674 1036 2757 vestigia.
1087 2674 1188 2740 Xeno-

123 2783 204 2866 phon
226 2779 406 2862 scripserat:
430 2773 523 2851 ὅτως
545 2770 588 2839 δν
624 2768 744 2841 αὐτοὶ
767 2769 855 2860 ήτεε
879 2780 1120 2862 cumprimum,
1154 2782 1190 2845 ut

123 2889 184 2955 soli
205 2888 287 2960 sitis;
324 2885 448 2962 deinde,
480 2902 549 2948 σου]
583 2882 640 2946 hoo
673 2882 731 2946 tibi
753 2884 923 2967 eontigerit,
958 2888 1016 2950 oet
1060 2887 1189 2970 Reliqua

124 2992 323 3059 aooesserunt
344 2991 382 3054 ab
403 2990 452 3069 iis,
469 2988 520 3072 qni
543 2980 642 3053 αὐτοί
663 2988 736 3070 quid
758 2991 849 3066 esset,
871 3009 929 3054 non
957 2990 1188 3074 intellegebant.

124 3099 201 3179 (Cir.
226 3097 264 3162 ad
285 3099 325 3174 ΙΙ,
350 3098 378 3176 1,
402 3095 430 3171 9,
453 3096 510 3172 ΙΙΙ,
534 3095 562 3171 1,
585 3096 648 3170 24.)

225 3204 291 3267 Ibd.
324 3207 343 3284 ξ
378 3203 431 3266 12:
473 3198 525 3268 ὅτι
565 3201 619 3264 ἐντὶ
658 3192 852 3283 στράτευμα
888 3195 1112 3288 α’τιὲρχονται,
1134 3204 1188 3266 καὶ

126 3311 303 3395 κλίμακας.
364 3308 445 3371 Mira
488 3306 662 3371 coniunctio
704 3306 852 3371 exereitus
894 3309 925 3370 et
957 3309 1125 3384 saetarum,
1158 3309 1189 3370 et

125 3418 234 3483 aderat
255 3414 413 3480 exereitus.
457 3413 601 3496 Apertius
623 3411 770 3476 mendum
793 3413 812 3490 ξ
836 3411 874 3472 16
896 3414 1018 3494 propter
1039 3412 1189 3495 pluralem

125 3540 303 3587 numerum:
335 3518 428 3593 ὅπως
455 3517 573 3607 ἄγοιεν
600 3513 642 3582 ου’
678 3510 915 3601 στρατεύματα
944 3520 997 3583 καὶ
1027 3513 1088 3590 ndo
1117 3518 1190 3583 aii-

123 3652 239 3714 μακας
262 3628 440 3710 νομίζοιεν.
492 3625 637 3708 Suspicor
665 3619 945 3707 σναφεήματα
973 3625 1101 3708 utroque
1121 3626 1189 3689 loco

123 3735 275 3817 seriptum
297 3733 400 3814 fuisse,
424 3733 558 3800 fodiendi
579 3730 794 3796 instrumenta.

226 3838 293 3904 Lib.
315 3841 369 3919 VI,
391 3844 419 3917 2,
442 3844 497 3902 41:
526 3833 611 3923 τιρδς
634 3840 690 3919 ἐμὲ·
714 3833 841 3908 τιοῖντες
864 3834 1087 3919 συμβάλλετε.
1131 3835 1190 3899 Vir

121 3947 288 4032 quisquam
323 3948 367 4012 sio
403 3939 615 4032 συμβάλλειν
654 3941 743 4016 dirit3
785 3942 887 4023 opinor
923 3941 1033 4005 fuisse:
1067 3964 1190 4008 συνα-

120 4054 307 4134 λίζεοδε.
951 4136 954 4144 ¹

943 4150 989 4201 aa·
