<?xml version="1.0" encoding="UTF-8"?>
<!DOCTYPE html PUBLIC "-//W3C//DTD XHTML 1.0 Transitional//EN"
    "http://www.w3.org/TR/xhtml1/DTD/xhtml1-transitional.dtd">
<html xmlns="http://www.w3.org/1999/xhtml" xml:lang="en" lang="en">
 <head>
  <title>
</title>
<meta http-equiv="Content-Type" content="text/html;charset=utf-8" />
  <meta name='ocr-system' content='tesseract 3.04.00' />
  <meta name='ocr-capabilities' content='ocr_page ocr_carea ocr_par ocr_line ocrx_word'/>
</head>
<body>
  <div class='ocr_page' id='page_1' title='image "./adversariacriti00madvgoog_0065.png"; bbox 0 0 2580 4530; ppageno 0'>
   <div class='ocr_carea' id='block_1_1' title="bbox 223 259 762 322">
    <p class='ocr_par' dir='ltr' id='par_1_1' title="bbox 223 259 762 322">
     <span class='ocr_line' id='line_1_1' title="bbox 223 259 762 322; baseline -0.019 0"><span class='ocrx_word' id='word_1_1' title='bbox 223 259 263 322; x_wconf 81' lang='grc'>46</span> <span class='ocrx_word' id='word_1_2' title='bbox 656 259 723 315; x_wconf 70' lang='lat' dir='ltr'>Lib.</span> <span class='ocrx_word' id='word_1_3' title='bbox 741 261 762 313; x_wconf 90' lang='lat'>1.</span> 
     </span>
    </p>
   </div>
   <div class='ocr_carea' id='block_1_2' title="bbox 172 455 1245 1178">
    <p class='ocr_par' dir='ltr' id='par_1_2' title="bbox 172 455 1245 1178">
     <span class='ocr_line' id='line_1_2' title="bbox 172 455 1243 544; baseline -0.004 -19"><span class='ocrx_word' id='word_1_4' title='bbox 172 460 298 544; x_wconf 91' lang='lat' dir='ltr'>ponitur</span> <span class='ocrx_word' id='word_1_5' title='bbox 320 460 509 541; x_wconf 83' lang='lat' dir='ltr'>exemplum:</span> <span class='ocrx_word' id='word_1_6' title='bbox 545 477 624 537; x_wconf 79' lang='lat' dir='ltr'>nec,</span> <span class='ocrx_word' id='word_1_7' title='bbox 647 458 743 541; x_wconf 90' lang='lat' dir='ltr'>quod</span> <span class='ocrx_word' id='word_1_8' title='bbox 764 479 835 525; x_wconf 92' lang='lat' dir='ltr'>non</span> <span class='ocrx_word' id='word_1_9' title='bbox 858 459 1080 535; x_wconf 84' lang='lat' dir='ltr'>estvirtus‚</span> <span class='ocrx_word' id='word_1_10' title='bbox 1102 455 1243 537; x_wconf 86' lang='lat' dir='ltr'>utique</span> 
     </span>
     <span class='ocr_line' id='line_1_3' title="bbox 176 561 1244 649; baseline -0.007 -17"><span class='ocrx_word' id='word_1_11' title='bbox 176 567 309 649; x_wconf 83' lang='lat' dir='ltr'>potest</span> <span class='ocrx_word' id='word_1_12' title='bbox 339 584 427 631; x_wconf 89' lang='lat' dir='ltr'>esse</span> <span class='ocrx_word' id='word_1_13' title='bbox 454 564 638 642; x_wconf 82' lang='lat' dir='ltr'>iustitia,</span> <span class='ocrx_word' id='word_1_14' title='bbox 670 563 704 629; x_wconf 94' lang='lat' dir='ltr'>id</span> <span class='ocrx_word' id='word_1_15' title='bbox 729 565 763 628; x_wconf 90' lang='lat' dir='ltr'>et</span> <span class='ocrx_word' id='word_1_16' title='bbox 782 584 838 647; x_wconf 90' lang='lat' dir='ltr'>per</span> <span class='ocrx_word' id='word_1_17' title='bbox 858 584 892 630; x_wconf 90' lang='lat' dir='ltr'>se</span> <span class='ocrx_word' id='word_1_18' title='bbox 912 563 1130 647; x_wconf 74' lang='lat' dir='ltr'><strong>pravissimam</strong></span> <span class='ocrx_word' id='word_1_19' title='bbox 1149 561 1244 626; x_wconf 87' lang='lat' dir='ltr'>habet</span> 
     </span>
     <span class='ocr_line' id='line_1_4' title="bbox 177 668 1243 753; baseline -0.006 -15"><span class='ocrx_word' id='word_1_20' title='bbox 177 671 361 738; x_wconf 87' lang='lat' dir='ltr'>sententiam</span> <span class='ocrx_word' id='word_1_21' title='bbox 394 673 426 736; x_wconf 93' lang='lat' dir='ltr'>et</span> <span class='ocrx_word' id='word_1_22' title='bbox 452 671 619 741; x_wconf 87' lang='lat' dir='ltr'>orationem</span> <span class='ocrx_word' id='word_1_23' title='bbox 648 681 704 745; x_wconf 86' lang='lat'>(—.</span> <span class='ocrx_word' id='word_1_24' title='bbox 724 670 769 734; x_wconf 90' lang='lat' dir='ltr'>sio</span> <span class='ocrx_word' id='word_1_25' title='bbox 791 671 872 736; x_wconf 86' lang='lat' dir='ltr'>enim</span> <span class='ocrx_word' id='word_1_26' title='bbox 894 669 1018 747; x_wconf 80' lang='lat' dir='ltr'>dicitur,</span> <span class='ocrx_word' id='word_1_27' title='bbox 1060 669 1149 753; x_wconf 89' lang='lat' dir='ltr'>quasi</span> <span class='ocrx_word' id='word_1_28' title='bbox 1175 668 1243 751; x_wconf 88' lang='lat' dir='ltr'>quis</span> 
     </span>
     <span class='ocr_line' id='line_1_5' title="bbox 174 775 1245 861; baseline -0.006 -18"><span class='ocrx_word' id='word_1_29' title='bbox 174 799 214 844; x_wconf 82' lang='grc'>11</span> <span class='ocrx_word' id='word_1_30' title='bbox 236 797 287 856; x_wconf 80' lang='lat' dir='ltr'>eo,</span> <span class='ocrx_word' id='word_1_31' title='bbox 310 777 392 861; x_wconf 93' lang='lat' dir='ltr'>quod</span> <span class='ocrx_word' id='word_1_32' title='bbox 412 776 529 860; x_wconf 88' lang='lat' dir='ltr'>aliquid</span> <span class='ocrx_word' id='word_1_33' title='bbox 550 795 611 842; x_wconf 93' lang='lat' dir='ltr'>non</span> <span class='ocrx_word' id='word_1_34' title='bbox 633 775 676 840; x_wconf 91' lang='lat' dir='ltr'>sit</span> <span class='ocrx_word' id='word_1_35' title='bbox 697 777 810 854; x_wconf 81' lang='lat' dir='ltr'>virtus,</span> <span class='ocrx_word' id='word_1_36' title='bbox 833 775 1011 841; x_wconf 76' lang='lat' dir='ltr'>concludere</span> <span class='ocrx_word' id='word_1_37' title='bbox 1031 777 1166 852; x_wconf 82' lang='lat' dir='ltr'>conetur,</span> <span class='ocrx_word' id='word_1_38' title='bbox 1188 792 1245 838; x_wconf 90' lang='lat' dir='ltr'>no·</span> 
     </span>
     <span class='ocr_line' id='line_1_6' title="bbox 177 879 1245 966; baseline -0.005 -16"><span class='ocrx_word' id='word_1_39' title='bbox 177 887 308 951; x_wconf 88' lang='lat' dir='ltr'>cessario</span> <span class='ocrx_word' id='word_1_40' title='bbox 338 884 440 966; x_wconf 81' lang='lat' dir='ltr'>sequi,</span> <span class='ocrx_word' id='word_1_41' title='bbox 472 884 509 947; x_wconf 92' lang='lat' dir='ltr'>ut</span> <span class='ocrx_word' id='word_1_42' title='bbox 538 881 637 965; x_wconf 80' lang='lat' dir='ltr'>possit</span> <span class='ocrx_word' id='word_1_43' title='bbox 668 900 736 946; x_wconf 89' lang='lat' dir='ltr'>esse</span> <span class='ocrx_word' id='word_1_44' title='bbox 767 882 864 949; x_wconf 84' lang='lat' dir='ltr'>iustit&#39;</span> <span class='ocrx_word' id='word_1_45' title='bbox 907 887 975 960; x_wconf 55' lang='grc' dir='ltr'>ἡ-),</span> <span class='ocrx_word' id='word_1_46' title='bbox 1007 900 1121 965; x_wconf 77' lang='lat' dir='ltr'>neque,</span> <span class='ocrx_word' id='word_1_47' title='bbox 1141 883 1197 946; x_wconf 87' lang='lat' dir='ltr'>aut</span> <span class='ocrx_word' id='word_1_48' title='bbox 1216 879 1245 946; x_wconf 90' lang='lat' dir='ltr'>oi</span> 
     </span>
     <span class='ocr_line' id='line_1_7' title="bbox 178 986 1245 1070; baseline -0.004 -13"><span class='ocrx_word' id='word_1_49' title='bbox 178 991 357 1068; x_wconf 64' lang='lat' dir='ltr'>sententiae,</span> <span class='ocrx_word' id='word_1_50' title='bbox 389 988 476 1053; x_wconf 89' lang='lat' dir='ltr'>cuius</span> <span class='ocrx_word' id='word_1_51' title='bbox 505 1007 597 1053; x_wconf 90' lang='lat' dir='ltr'>causa</span> <span class='ocrx_word' id='word_1_52' title='bbox 625 988 761 1070; x_wconf 69' lang='lat' dir='ltr'>ponitur,</span> <span class='ocrx_word' id='word_1_53' title='bbox 784 989 865 1052; x_wconf 84' lang='lat' dir='ltr'>recta</span> <span class='ocrx_word' id='word_1_54' title='bbox 894 987 1059 1069; x_wconf 76' lang='lat' dir='ltr'>respondet</span> <span class='ocrx_word' id='word_1_55' title='bbox 1077 990 1130 1070; x_wconf 89' lang='lat'>(-</span> <span class='ocrx_word' id='word_1_56' title='bbox 1156 986 1245 1053; x_wconf 90' lang='lat' dir='ltr'>deest</span> 
     </span>
     <span class='ocr_line' id='line_1_8' title="bbox 179 1092 1244 1178; baseline -0.001 -17"><span class='ocrx_word' id='word_1_57' title='bbox 179 1097 278 1174; x_wconf 80' lang='lat' dir='ltr'>enim,</span> <span class='ocrx_word' id='word_1_58' title='bbox 312 1116 348 1161; x_wconf 86' lang='lat' dir='ltr'>ex</span> <span class='ocrx_word' id='word_1_59' title='bbox 375 1113 433 1178; x_wconf 86' lang='lat' dir='ltr'>qno</span> <span class='ocrx_word' id='word_1_60' title='bbox 464 1094 611 1176; x_wconf 78' lang='lat' dir='ltr'>appareat</span> <span class='ocrx_word' id='word_1_61' title='bbox 637 1111 735 1176; x_wconf 86' lang='lat' dir='ltr'>genus</span> <span class='ocrx_word' id='word_1_62' title='bbox 766 1111 827 1158; x_wconf 91' lang='lat' dir='ltr'>non</span> <span class='ocrx_word' id='word_1_63' title='bbox 860 1092 964 1157; x_wconf 79' lang='lat' dir='ltr'>ualere</span> <span class='ocrx_word' id='word_1_64' title='bbox 994 1093 1244 1176; x_wconf 80' lang='lat' dir='ltr'>adprobandum</span> 
     </span>
    </p>
   </div>
   <div class='ocr_carea' id='block_1_3' title="bbox 67 1198 1245 1286">
    <p class='ocr_par' dir='ltr' id='par_1_3' title="bbox 67 1198 1245 1286">
     <span class='ocr_line' id='line_1_9' title="bbox 67 1198 1245 1286; baseline -0.003 -18"><span class='ocrx_word' id='word_1_65' title='bbox 67 1222 69 1227; x_wconf 73' lang='grc'>’</span> <span class='ocrx_word' id='word_1_66' title='bbox 177 1203 329 1286; x_wconf 76' lang='lat' dir='ltr'>speeiem,</span> <span class='ocrx_word' id='word_1_67' title='bbox 355 1200 408 1284; x_wconf 91' lang='lat'>-)</span> <span class='ocrx_word' id='word_1_68' title='bbox 436 1201 491 1265; x_wconf 91' lang='lat' dir='ltr'>aut</span> <span class='ocrx_word' id='word_1_69' title='bbox 517 1198 611 1281; x_wconf 85' lang='lat' dir='ltr'>priori</span> <span class='ocrx_word' id='word_1_70' title='bbox 638 1199 790 1281; x_wconf 78' lang='lat' dir='ltr'>exemplo,</span> <span class='ocrx_word' id='word_1_71' title='bbox 824 1198 906 1281; x_wconf 92' lang='lat' dir='ltr'>quod</span> <span class='ocrx_word' id='word_1_72' title='bbox 931 1199 1058 1280; x_wconf 90' lang='lat' dir='ltr'>plenum</span> <span class='ocrx_word' id='word_1_73' title='bbox 1084 1201 1116 1264; x_wconf 91' lang='lat' dir='ltr'>et</span> <span class='ocrx_word' id='word_1_74' title='bbox 1137 1201 1245 1282; x_wconf 89' lang='lat' dir='ltr'>aptum</span> 
     </span>
    </p>
   </div>
   <div class='ocr_carea' id='block_1_4' title="bbox 176 1303 1252 2978">
    <p class='ocr_par' dir='ltr' id='par_1_4' title="bbox 176 1303 1252 2978">
     <span class='ocr_line' id='line_1_10' title="bbox 176 1303 1245 1388; baseline -0.004 -15"><span class='ocrx_word' id='word_1_75' title='bbox 176 1311 235 1373; x_wconf 89' lang='lat' dir='ltr'>est</span> <span class='ocrx_word' id='word_1_76' title='bbox 290 1307 351 1372; x_wconf 84' lang='lat' dir='ltr'>Sed</span> <span class='ocrx_word' id='word_1_77' title='bbox 383 1307 447 1370; x_wconf 85' lang='lat' dir='ltr'>hic</span> <span class='ocrx_word' id='word_1_78' title='bbox 461 1323 580 1388; x_wconf 91' lang='lat' dir='ltr'>quoque</span> <span class='ocrx_word' id='word_1_79' title='bbox 614 1303 763 1369; x_wconf 91' lang='lat' dir='ltr'>indicium</span> <span class='ocrx_word' id='word_1_80' title='bbox 795 1303 901 1369; x_wconf 92' lang='lat' dir='ltr'>mendi</span> <span class='ocrx_word' id='word_1_81' title='bbox 921 1305 1122 1370; x_wconf 80' lang='lat' dir='ltr'>manifestum</span> <span class='ocrx_word' id='word_1_82' title='bbox 1145 1306 1194 1370; x_wconf 89' lang='lat' dir='ltr'>est</span> <span class='ocrx_word' id='word_1_83' title='bbox 1213 1305 1245 1369; x_wconf 90' lang='lat' dir='ltr'>in</span> 
     </span>
     <span class='ocr_line' id='line_1_11' title="bbox 178 1409 1245 1496; baseline -0.003 -18"><span class='ocrx_word' id='word_1_84' title='bbox 178 1413 254 1496; x_wconf 90' lang='lat' dir='ltr'>ipsis</span> <span class='ocrx_word' id='word_1_85' title='bbox 288 1411 423 1495; x_wconf 88' lang='lat' dir='ltr'>antiquis</span> <span class='ocrx_word' id='word_1_86' title='bbox 445 1410 617 1488; x_wconf 87' lang='lat' dir='ltr'>codicibus;</span> <span class='ocrx_word' id='word_1_87' title='bbox 650 1428 724 1475; x_wconf 88' lang='lat' dir='ltr'>nam</span> <span class='ocrx_word' id='word_1_88' title='bbox 743 1409 776 1473; x_wconf 94' lang='lat' dir='ltr'>in</span> <span class='ocrx_word' id='word_1_89' title='bbox 798 1410 909 1488; x_wconf 78' lang='lat' dir='ltr'>Turia,</span> <span class='ocrx_word' id='word_1_90' title='bbox 931 1411 1084 1488; x_wconf 79' lang='lat' dir='ltr'>Ambros,</span> <span class='ocrx_word' id='word_1_91' title='bbox 1105 1409 1245 1475; x_wconf 76' lang='grc'><strong>11111111.</strong></span> 
     </span>
     <span class='ocr_line' id='line_1_12' title="bbox 179 1516 1244 1601; baseline -0.004 -17"><span class='ocrx_word' id='word_1_92' title='bbox 179 1520 323 1586; x_wconf 78' lang='lat' dir='ltr'>scribitur</span> <span class='ocrx_word' id='word_1_93' title='bbox 344 1518 445 1601; x_wconf 91' lang='lat' dir='ltr'>quod</span> <span class='ocrx_word' id='word_1_94' title='bbox 467 1516 672 1595; x_wconf 83' lang='lat' dir='ltr'>estvirtus</span> <span class='ocrx_word' id='word_1_95' title='bbox 694 1517 749 1581; x_wconf 91' lang='lat' dir='ltr'>aut</span> <span class='ocrx_word' id='word_1_96' title='bbox 769 1536 798 1599; x_wconf 89' lang='lat' dir='ltr'>q.</span> <span class='ocrx_word' id='word_1_97' title='bbox 820 1535 849 1580; x_wconf 83' lang='grc'>11.</span> <span class='ocrx_word' id='word_1_98' title='bbox 871 1518 938 1581; x_wconf 82' lang='grc'>111</span> <span class='ocrx_word' id='word_1_99' title='bbox 959 1516 1036 1594; x_wconf 90' lang='lat' dir='ltr'>(sine</span> <span class='ocrx_word' id='word_1_100' title='bbox 1056 1516 1244 1600; x_wconf 77' lang='lat' dir='ltr'>negatione),</span> 
     </span>
     <span class='ocr_line' id='line_1_13' title="bbox 181 1621 1246 1705; baseline -0.005 -15"><span class='ocrx_word' id='word_1_101' title='bbox 181 1624 290 1690; x_wconf 87' lang='lat' dir='ltr'>deindo</span> <span class='ocrx_word' id='word_1_102' title='bbox 322 1626 353 1689; x_wconf 94' lang='lat' dir='ltr'>in</span> <span class='ocrx_word' id='word_1_103' title='bbox 381 1623 484 1689; x_wconf 82' lang='lat' dir='ltr'>Turio.</span> <span class='ocrx_word' id='word_1_104' title='bbox 512 1626 544 1688; x_wconf 90' lang='lat' dir='ltr'>et</span> <span class='ocrx_word' id='word_1_105' title='bbox 570 1623 652 1688; x_wconf 79' lang='lat' dir='ltr'>Flor.</span> <span class='ocrx_word' id='word_1_106' title='bbox 679 1623 813 1705; x_wconf 88' lang='lat' dir='ltr'>utique</span> <span class='ocrx_word' id='word_1_107' title='bbox 840 1640 905 1688; x_wconf 93' lang='lat' dir='ltr'>non</span> <span class='ocrx_word' id='word_1_108' title='bbox 930 1623 1066 1704; x_wconf 91' lang='lat' dir='ltr'>potest</span> <span class='ocrx_word' id='word_1_109' title='bbox 1088 1640 1173 1686; x_wconf 88' lang='lat' dir='ltr'>esso</span> <span class='ocrx_word' id='word_1_110' title='bbox 1193 1621 1246 1685; x_wconf 89' lang='lat' dir='ltr'>iu-</span> 
     </span>
     <span class='ocr_line' id='line_1_14' title="bbox 179 1726 1246 1817; baseline -0.006 -20"><span class='ocrx_word' id='word_1_111' title='bbox 179 1731 301 1797; x_wconf 88' lang='lat' dir='ltr'>stitia</span> <span class='ocrx_word' id='word_1_112' title='bbox 337 1731 498 1814; x_wconf 83' lang='lat' dir='ltr'>(Ambros.</span> <span class='ocrx_word' id='word_1_113' title='bbox 531 1732 563 1794; x_wconf 91' lang='lat' dir='ltr'>et</span> <span class='ocrx_word' id='word_1_114' title='bbox 596 1729 677 1793; x_wconf 80' lang='lat' dir='ltr'>Flor.</span> <span class='ocrx_word' id='word_1_115' title='bbox 705 1726 940 1817; x_wconf 78' lang='lat' dir='ltr'>iniustitia).</span> <span class='ocrx_word' id='word_1_116' title='bbox 988 1728 1038 1792; x_wconf 94' lang='lat' dir='ltr'>Ita</span> <span class='ocrx_word' id='word_1_117' title='bbox 1058 1727 1154 1811; x_wconf 80' lang='lat' dir='ltr'>igitur</span> <span class='ocrx_word' id='word_1_118' title='bbox 1174 1746 1246 1810; x_wconf 91' lang='lat' dir='ltr'>sup·</span> 
     </span>
     <span class='ocr_line' id='line_1_15' title="bbox 178 1830 1247 1921; baseline -0.003 -19"><span class='ocrx_word' id='word_1_119' title='bbox 178 1830 308 1921; x_wconf 89' lang='lat' dir='ltr'>plendus</span> <span class='ocrx_word' id='word_1_120' title='bbox 329 1837 415 1902; x_wconf 92' lang='lat' dir='ltr'>locus</span> <span class='ocrx_word' id='word_1_121' title='bbox 437 1840 502 1902; x_wconf 91' lang='lat' dir='ltr'>est:</span> <span class='ocrx_word' id='word_1_122' title='bbox 542 1834 638 1913; x_wconf 82' lang='lat' dir='ltr'>Nec,</span> <span class='ocrx_word' id='word_1_123' title='bbox 660 1832 758 1918; x_wconf 89' lang='lat' dir='ltr'>quod</span> <span class='ocrx_word' id='word_1_124' title='bbox 777 1835 909 1899; x_wconf 80' lang='lat' dir='ltr'>virtus</span> <span class='ocrx_word' id='word_1_125' title='bbox 929 1835 1007 1912; x_wconf 81' lang='lat' dir='ltr'>est,</span> <span class='ocrx_word' id='word_1_126' title='bbox 1039 1834 1176 1916; x_wconf 88' lang='lat' dir='ltr'>utique</span> <span class='ocrx_word' id='word_1_127' title='bbox 1197 1833 1247 1899; x_wconf 82' lang='lat' dir='ltr'>ost</span> 
     </span>
     <span class='ocr_line' id='line_1_16' title="bbox 179 1939 1248 2027; baseline -0.005 -19"><span class='ocrx_word' id='word_1_128' title='bbox 179 1942 323 2026; x_wconf 86' lang='lat' dir='ltr'>iustitia,</span> <span class='ocrx_word' id='word_1_129' title='bbox 356 1941 429 2017; x_wconf 88' lang='lat' dir='ltr'>sed,</span> <span class='ocrx_word' id='word_1_130' title='bbox 461 1941 547 2027; x_wconf 87' lang='lat' dir='ltr'>qnod</span> <span class='ocrx_word' id='word_1_131' title='bbox 575 1941 680 2008; x_wconf 86' lang='lat' dir='ltr'>virtus</span> <span class='ocrx_word' id='word_1_132' title='bbox 702 1958 767 2006; x_wconf 94' lang='lat' dir='ltr'>non</span> <span class='ocrx_word' id='word_1_133' title='bbox 791 1941 856 2023; x_wconf 90' lang='lat' dir='ltr'>cst,</span> <span class='ocrx_word' id='word_1_134' title='bbox 889 1940 1000 2026; x_wconf 82' lang='lat' dir='ltr'>utiquo</span> <span class='ocrx_word' id='word_1_135' title='bbox 1021 1959 1094 2005; x_wconf 95' lang='lat' dir='ltr'>non</span> <span class='ocrx_word' id='word_1_136' title='bbox 1113 1939 1248 2022; x_wconf 87' lang='lat' dir='ltr'>potest</span> 
     </span>
     <span class='ocr_line' id='line_1_17' title="bbox 181 2037 1247 2117; baseline -0.004 -3"><span class='ocrx_word' id='word_1_137' title='bbox 181 2058 266 2117; x_wconf 86' lang='lat' dir='ltr'>esso</span> <span class='ocrx_word' id='word_1_138' title='bbox 287 2048 457 2115; x_wconf 83' lang='lat' dir='ltr'>iustitia.</span> <span class='ocrx_word' id='word_1_139' title='bbox 502 2048 879 2113; x_wconf 87' lang='lat' dir='ltr'>Siedemumetoratioet</span> <span class='ocrx_word' id='word_1_140' title='bbox 895 2037 1247 2112; x_wconf 86' lang='lat' dir='ltr'>sententiareotastex·</span> 
     </span>
     <span class='ocr_line' id='line_1_18' title="bbox 182 2150 1246 2240; baseline -0.005 -21"><span class='ocrx_word' id='word_1_141' title='bbox 182 2157 319 2240; x_wconf 88' lang='lat' dir='ltr'>emplum</span> <span class='ocrx_word' id='word_1_142' title='bbox 337 2155 462 2220; x_wconf 90' lang='lat' dir='ltr'>consilio</span> <span class='ocrx_word' id='word_1_143' title='bbox 475 2157 582 2238; x_wconf 90' lang='lat' dir='ltr'>aptum</span> <span class='ocrx_word' id='word_1_144' title='bbox 605 2157 661 2220; x_wconf 87' lang='lat' dir='ltr'>est.</span> <span class='ocrx_word' id='word_1_145' title='bbox 703 2154 740 2217; x_wconf 93' lang='lat' dir='ltr'>In</span> <span class='ocrx_word' id='word_1_146' title='bbox 761 2156 921 2236; x_wconf 78' lang='lat' dir='ltr'>poetarum</span> <span class='ocrx_word' id='word_1_147' title='bbox 943 2150 1246 2239; x_wconf 85' lang='lat' dir='ltr'>operibusinmediis</span> 
     </span>
     <span class='ocr_line' id='line_1_19' title="bbox 182 2257 1246 2343; baseline -0.002 -18"><span class='ocrx_word' id='word_1_148' title='bbox 182 2261 321 2326; x_wconf 84' lang='lat' dir='ltr'>versibus</span> <span class='ocrx_word' id='word_1_149' title='bbox 345 2260 410 2325; x_wconf 83' lang='lat' dir='ltr'>.hoc</span> <span class='ocrx_word' id='word_1_150' title='bbox 436 2278 534 2343; x_wconf 85' lang='lat' dir='ltr'>genus</span> <span class='ocrx_word' id='word_1_151' title='bbox 561 2258 672 2325; x_wconf 81' lang='lat' dir='ltr'>erroris</span> <span class='ocrx_word' id='word_1_152' title='bbox 702 2260 826 2340; x_wconf 89' lang='lat' dir='ltr'>propter</span> <span class='ocrx_word' id='word_1_153' title='bbox 848 2259 950 2340; x_wconf 90' lang='lat' dir='ltr'>ipsum</span> <span class='ocrx_word' id='word_1_154' title='bbox 972 2277 1095 2322; x_wconf 86' lang='lat' dir='ltr'>versum</span> <span class='ocrx_word' id='word_1_155' title='bbox 1117 2276 1179 2323; x_wconf 91' lang='lat' dir='ltr'>non</span> <span class='ocrx_word' id='word_1_156' title='bbox 1200 2257 1246 2323; x_wconf 80' lang='lat' dir='ltr'>fa·</span> 
     </span>
     <span class='ocr_line' id='line_1_20' title="bbox 182 2363 1246 2446; baseline -0.004 -15"><span class='ocrx_word' id='word_1_157' title='bbox 182 2368 239 2431; x_wconf 94' lang='lat' dir='ltr'>cile</span> <span class='ocrx_word' id='word_1_158' title='bbox 267 2365 380 2431; x_wconf 89' lang='lat' dir='ltr'>accidit</span> <span class='ocrx_word' id='word_1_159' title='bbox 408 2364 482 2445; x_wconf 84' lang='lat' dir='ltr'>(etsi</span> <span class='ocrx_word' id='word_1_160' title='bbox 501 2364 569 2428; x_wconf 91' lang='lat' dir='ltr'>fieri</span> <span class='ocrx_word' id='word_1_161' title='bbox 589 2365 704 2446; x_wconf 78' lang='lat' dir='ltr'>potest,</span> <span class='ocrx_word' id='word_1_162' title='bbox 736 2364 786 2440; x_wconf 80' lang='lat' dir='ltr'>ut,</span> <span class='ocrx_word' id='word_1_163' title='bbox 809 2364 895 2428; x_wconf 84' lang='lat' dir='ltr'>oculo</span> <span class='ocrx_word' id='word_1_164' title='bbox 910 2363 1027 2428; x_wconf 89' lang='lat' dir='ltr'>librarii</span> <span class='ocrx_word' id='word_1_165' title='bbox 1056 2381 1074 2427; x_wconf 89' lang='lat' dir='ltr'>a</span> <span class='ocrx_word' id='word_1_166' title='bbox 1102 2363 1246 2428; x_wconf 80' lang='lat' dir='ltr'>vocabulo</span> 
     </span>
     <span class='ocr_line' id='line_1_21' title="bbox 182 2467 1247 2555; baseline -0.002 -20"><span class='ocrx_word' id='word_1_167' title='bbox 182 2469 383 2555; x_wconf 86' lang='lat' dir='ltr'>praecedentis</span> <span class='ocrx_word' id='word_1_168' title='bbox 415 2487 522 2533; x_wconf 85' lang='lat' dir='ltr'>versus</span> <span class='ocrx_word' id='word_1_169' title='bbox 555 2467 594 2533; x_wconf 91' lang='lat' dir='ltr'>ad</span> <span class='ocrx_word' id='word_1_170' title='bbox 621 2468 722 2532; x_wconf 89' lang='lat' dir='ltr'>simile</span> <span class='ocrx_word' id='word_1_171' title='bbox 750 2469 905 2551; x_wconf 87' lang='lat' dir='ltr'>sequentis</span> <span class='ocrx_word' id='word_1_172' title='bbox 932 2470 1107 2544; x_wconf 80' lang='lat' dir='ltr'>aberrante,</span> <span class='ocrx_word' id='word_1_173' title='bbox 1144 2470 1247 2534; x_wconf 88' lang='lat' dir='ltr'>tamen</span> 
     </span>
     <span class='ocr_line' id='line_1_22' title="bbox 183 2572 1248 2657; baseline 0.001 -17"><span class='ocrx_word' id='word_1_174' title='bbox 183 2595 289 2642; x_wconf 85' lang='lat' dir='ltr'>versus</span> <span class='ocrx_word' id='word_1_175' title='bbox 316 2576 416 2641; x_wconf 87' lang='lat' dir='ltr'>forma</span> <span class='ocrx_word' id='word_1_176' title='bbox 442 2574 609 2655; x_wconf 83' lang='lat' dir='ltr'>seruetur);</span> <span class='ocrx_word' id='word_1_177' title='bbox 646 2572 725 2637; x_wconf 90' lang='lat' dir='ltr'>illud</span> <span class='ocrx_word' id='word_1_178' title='bbox 749 2573 890 2639; x_wconf 67' lang='lat' dir='ltr'>&#39;accidere</span> <span class='ocrx_word' id='word_1_179' title='bbox 916 2576 1026 2657; x_wconf 81' lang='lat' dir='ltr'>potest,</span> <span class='ocrx_word' id='word_1_180' title='bbox 1051 2576 1086 2639; x_wconf 93' lang='lat' dir='ltr'>ut</span> <span class='ocrx_word' id='word_1_181' title='bbox 1106 2574 1248 2641; x_wconf 83' lang='lat' dir='ltr'>librarius</span> 
     </span>
     <span class='ocr_line' id='line_1_23' title="bbox 183 2679 1250 2747; baseline 0.001 -1"><span class='ocrx_word' id='word_1_182' title='bbox 183 2681 223 2746; x_wconf 89' lang='lat' dir='ltr'>ab</span> <span class='ocrx_word' id='word_1_183' title='bbox 249 2680 337 2745; x_wconf 90' lang='lat' dir='ltr'>initio</span> <span class='ocrx_word' id='word_1_184' title='bbox 358 2699 464 2747; x_wconf 84' lang='lat' dir='ltr'>versus</span> <span class='ocrx_word' id='word_1_185' title='bbox 495 2679 625 2745; x_wconf 91' lang='lat' dir='ltr'>alicuius</span> <span class='ocrx_word' id='word_1_186' title='bbox 654 2679 694 2744; x_wconf 87' lang='lat' dir='ltr'>ad</span> <span class='ocrx_word' id='word_1_187' title='bbox 721 2679 822 2744; x_wconf 90' lang='lat' dir='ltr'>simile</span> <span class='ocrx_word' id='word_1_188' title='bbox 849 2700 955 2746; x_wconf 90' lang='lat' dir='ltr'>versus</span> <span class='ocrx_word' id='word_1_189' title='bbox 985 2681 1114 2746; x_wconf 89' lang='lat' dir='ltr'>alicuius</span> <span class='ocrx_word' id='word_1_190' title='bbox 1142 2682 1250 2747; x_wconf 90' lang='lat' dir='ltr'>subso-</span> 
     </span>
     <span class='ocr_line' id='line_1_24' title="bbox 184 2785 1250 2871; baseline 0.004 -22"><span class='ocrx_word' id='word_1_191' title='bbox 184 2785 305 2869; x_wconf 86' lang='lat' dir='ltr'>quentis</span> <span class='ocrx_word' id='word_1_192' title='bbox 326 2786 449 2850; x_wconf 88' lang='lat' dir='ltr'>initium</span> <span class='ocrx_word' id='word_1_193' title='bbox 469 2785 614 2850; x_wconf 82' lang='lat' dir='ltr'>aberrans</span> <span class='ocrx_word' id='word_1_194' title='bbox 633 2785 765 2867; x_wconf 90' lang='lat' dir='ltr'>priorem</span> <span class='ocrx_word' id='word_1_195' title='bbox 789 2788 842 2851; x_wconf 84' lang='lat' dir='ltr'>aut</span> <span class='ocrx_word' id='word_1_196' title='bbox 859 2786 1058 2871; x_wconf 84' lang='lat' dir='ltr'>posteriorem</span> <span class='ocrx_word' id='word_1_197' title='bbox 1079 2789 1112 2852; x_wconf 90' lang='lat' dir='ltr'>et</span> <span class='ocrx_word' id='word_1_198' title='bbox 1132 2787 1250 2853; x_wconf 88' lang='lat' dir='ltr'>medios</span> 
     </span>
     <span class='ocr_line' id='line_1_25' title="bbox 185 2889 1252 2978; baseline 0.003 -22"><span class='ocrx_word' id='word_1_199' title='bbox 185 2891 325 2966; x_wconf 83' lang='lat' dir='ltr'>o&#39;mittat3</span> <span class='ocrx_word' id='word_1_200' title='bbox 345 2892 537 2975; x_wconf 83' lang='lat' dir='ltr'>maximeque</span> <span class='ocrx_word' id='word_1_201' title='bbox 552 2891 585 2956; x_wconf 90' lang='lat' dir='ltr'>in</span> <span class='ocrx_word' id='word_1_202' title='bbox 602 2889 741 2956; x_wconf 84' lang='lat' dir='ltr'>distichis</span> <span class='ocrx_word' id='word_1_203' title='bbox 753 2892 797 2956; x_wconf 91' lang='lat' dir='ltr'>sic</span> <span class='ocrx_word' id='word_1_204' title='bbox 808 2894 902 2978; x_wconf 87' lang='lat' dir='ltr'>errari</span> <span class='ocrx_word' id='word_1_205' title='bbox 915 2895 1028 2976; x_wconf 83' lang='lat' dir='ltr'>potest,</span> <span class='ocrx_word' id='word_1_206' title='bbox 1050 2894 1077 2958; x_wconf 94' lang='lat' dir='ltr'>si</span> <span class='ocrx_word' id='word_1_207' title='bbox 1087 2897 1146 2958; x_wconf 92' lang='lat' dir='ltr'>aut</span> <span class='ocrx_word' id='word_1_208' title='bbox 1158 2896 1252 2959; x_wconf 80' lang='lat' dir='ltr'>hens-</span> 
     </span>
    </p>
   </div>
   <div class='ocr_carea' id='block_1_5' title="bbox 62 2994 1253 3082">
    <p class='ocr_par' dir='ltr' id='par_1_5' title="bbox 62 2994 1253 3082">
     <span class='ocr_line' id='line_1_26' title="bbox 62 2994 1253 3082; baseline 0.004 -21"><span class='ocrx_word' id='word_1_209' title='bbox 62 3028 65 3033; x_wconf 94' lang='lat'>·</span> <span class='ocrx_word' id='word_1_210' title='bbox 185 2996 277 3062; x_wconf 82' lang='lat' dir='ltr'>metri</span> <span class='ocrx_word' id='word_1_211' title='bbox 291 2994 351 3060; x_wconf 93' lang='lat' dir='ltr'>duo</span> <span class='ocrx_word' id='word_1_212' title='bbox 363 2997 494 3079; x_wconf 84' lang='lat' dir='ltr'>proximi</span> <span class='ocrx_word' id='word_1_213' title='bbox 507 3000 561 3063; x_wconf 92' lang='lat' dir='ltr'>aut</span> <span class='ocrx_word' id='word_1_214' title='bbox 574 2997 758 3081; x_wconf 86' lang='lat' dir='ltr'>pentametri</span> <span class='ocrx_word' id='word_1_215' title='bbox 769 2998 913 3063; x_wconf 89' lang='lat' dir='ltr'>similiter</span> <span class='ocrx_word' id='word_1_216' title='bbox 923 2996 1080 3082; x_wconf 85' lang='lat' dir='ltr'>incipiunt</span> <span class='ocrx_word' id='word_1_217' title='bbox 1122 2999 1253 3065; x_wconf 79' lang='lat' dir='ltr'>Eiusrsi</span> 
     </span>
    </p>
   </div>
   <div class='ocr_carea' id='block_1_6' title="bbox 187 3101 1288 4207">
    <p class='ocr_par' dir='ltr' id='par_1_6' title="bbox 187 3101 1258 3925">
     <span class='ocr_line' id='line_1_27' title="bbox 187 3101 1254 3191; baseline 0.004 -23"><span class='ocrx_word' id='word_1_218' title='bbox 187 3102 361 3185; x_wconf 82' lang='lat' dir='ltr'>exemplum</span> <span class='ocrx_word' id='word_1_219' title='bbox 378 3103 426 3166; x_wconf 94' lang='lat' dir='ltr'>est</span> <span class='ocrx_word' id='word_1_220' title='bbox 440 3103 472 3166; x_wconf 93' lang='lat' dir='ltr'>in</span> <span class='ocrx_word' id='word_1_221' title='bbox 488 3101 590 3167; x_wconf 82' lang='lat' dir='ltr'>Ovidii</span> <span class='ocrx_word' id='word_1_222' title='bbox 604 3101 702 3185; x_wconf 80' lang='lat' dir='ltr'>Idpist.</span> <span class='ocrx_word' id='word_1_223' title='bbox 718 3103 1014 3181; x_wconf 76' lang='grc' dir='ltr'><strong>11ΙΠ,111)11111.21</strong></span> <span class='ocrx_word' id='word_1_224' title='bbox 1039 3107 1070 3170; x_wconf 88' lang='grc'>11</span> <span class='ocrx_word' id='word_1_225' title='bbox 1091 3107 1132 3168; x_wconf 87' lang='grc'>22</span> <span class='ocrx_word' id='word_1_226' title='bbox 1152 3125 1254 3191; x_wconf 83' lang='lat' dir='ltr'>nequo</span> 
     </span>
     <span class='ocr_line' id='line_1_28' title="bbox 188 3207 1256 3292; baseline 0.006 -19"><span class='ocrx_word' id='word_1_227' title='bbox 188 3208 284 3274; x_wconf 86' lang='lat' dir='ltr'>oratio</span> <span class='ocrx_word' id='word_1_228' title='bbox 297 3207 633 3289; x_wconf 87' lang='lat' dir='ltr'>constat(nequeenim</span> <span class='ocrx_word' id='word_1_229' title='bbox 645 3213 715 3292; x_wconf 91' lang='lat' dir='ltr'>post</span> <span class='ocrx_word' id='word_1_230' title='bbox 736 3211 769 3275; x_wconf 90' lang='lat' dir='ltr'>si</span> <span class='ocrx_word' id='word_1_231' title='bbox 791 3209 1008 3276; x_wconf 88' lang='lat' dir='ltr'>omittiesset</span> <span class='ocrx_word' id='word_1_232' title='bbox 1028 3212 1082 3277; x_wconf 89' lang='lat' dir='ltr'>aut</span> <span class='ocrx_word' id='word_1_233' title='bbox 1102 3211 1119 3276; x_wconf 84' lang='lat' dir='ltr'><strong>f</strong></span> <span class='ocrx_word' id='word_1_234' title='bbox 1123 3212 1256 3279; x_wconf 83' lang='lat' dir='ltr'>uisset</span> 
     </span>
     <span class='ocr_line' id='line_1_29' title="bbox 188 3313 1257 3399; baseline 0.005 -20"><span class='ocrx_word' id='word_1_235' title='bbox 188 3315 301 3397; x_wconf 84' lang='lat' dir='ltr'>potest)</span> <span class='ocrx_word' id='word_1_236' title='bbox 321 3330 420 3395; x_wconf 87' lang='lat' dir='ltr'>neque</span> <span class='ocrx_word' id='word_1_237' title='bbox 442 3313 596 3377; x_wconf 88' lang='lat' dir='ltr'>sententia</span> <span class='ocrx_word' id='word_1_238' title='bbox 615 3315 690 3380; x_wconf 71' lang='lat' dir='ltr'>ulla¹</span> <span class='ocrx_word' id='word_1_239' title='bbox 713 3319 770 3382; x_wconf 90' lang='lat' dir='ltr'>est.</span> <span class='ocrx_word' id='word_1_240' title='bbox 814 3314 942 3382; x_wconf 82' lang='lat' dir='ltr'>Ovidius</span> <span class='ocrx_word' id='word_1_241' title='bbox 964 3317 1144 3399; x_wconf 82' lang='lat' dir='ltr'>scripserat:</span> <span class='ocrx_word' id='word_1_242' title='bbox 1194 3315 1257 3384; x_wconf 86' lang='lat' dir='ltr'>Sit</span> 
     </span>
     <span class='ocr_line' id='line_1_30' title="bbox 191 3416 1256 3507; baseline 0.002 -22"><span class='ocrx_word' id='word_1_243' title='bbox 191 3438 302 3486; x_wconf 89' lang='lat' dir='ltr'>socer</span> <span class='ocrx_word' id='word_1_244' title='bbox 322 3417 500 3500; x_wconf 84' lang='lat' dir='ltr'>exemplo</span> <span class='ocrx_word' id='word_1_245' title='bbox 532 3416 663 3501; x_wconf 81' lang='lat' dir='ltr'>nuptae</span> <span class='ocrx_word' id='word_1_246' title='bbox 689 3423 889 3506; x_wconf 87' lang='lat' dir='ltr'>repetitor</span> <span class='ocrx_word' id='word_1_247' title='bbox 908 3423 1092 3507; x_wconf 88' lang='lat' dir='ltr'>adsmptae</span> <span class='ocrx_word' id='word_1_248' title='bbox 1115 3429 1256 3506; x_wconf 91' lang='lat' dir='ltr'>(sequere</span> 
     </span>
     <span class='ocr_line' id='line_1_31' title="bbox 191 3521 1258 3610; baseline 0.004 -20"><span class='ocrx_word' id='word_1_249' title='bbox 191 3525 364 3607; x_wconf 84' lang='lat' dir='ltr'>exemplum</span> <span class='ocrx_word' id='word_1_250' title='bbox 384 3521 480 3589; x_wconf 90' lang='lat' dir='ltr'>soceri</span> <span class='ocrx_word' id='word_1_251' title='bbox 500 3523 575 3600; x_wconf 65' lang='lat' dir='ltr'>tura</span> <span class='ocrx_word' id='word_1_252' title='bbox 608 3524 719 3593; x_wconf 89' lang='lat' dir='ltr'>deinde</span> <span class='ocrx_word' id='word_1_253' title='bbox 742 3529 855 3593; x_wconf 86' lang='lat' dir='ltr'>excidit</span> <span class='ocrx_word' id='word_1_254' title='bbox 883 3530 1076 3610; x_wconf 87' lang='lat' dir='ltr'>pentameter</span> <span class='ocrx_word' id='word_1_255' title='bbox 1105 3534 1138 3594; x_wconf 89' lang='lat' dir='ltr'>et</span> <span class='ocrx_word' id='word_1_256' title='bbox 1160 3531 1258 3595; x_wconf 82' lang='lat' dir='ltr'>hoxa-</span> 
     </span>
     <span class='ocr_line' id='line_1_32' title="bbox 191 3628 1257 3716; baseline 0.005 -21"><span class='ocrx_word' id='word_1_257' title='bbox 191 3631 290 3695; x_wconf 89' lang='lat' dir='ltr'>meter</span> <span class='ocrx_word' id='word_1_258' title='bbox 316 3631 355 3695; x_wconf 90' lang='lat' dir='ltr'>ab</span> <span class='ocrx_word' id='word_1_259' title='bbox 379 3629 414 3697; x_wconf 93' lang='lat' dir='ltr'>si</span> <span class='ocrx_word' id='word_1_260' title='bbox 441 3628 597 3712; x_wconf 61' lang='lat' dir='ltr'>incipiens*</span> <span class='ocrx_word' id='word_1_261' title='bbox 611 3633 877 3716; x_wconf 87' lang='lat' dir='ltr'>condicionemque</span> <span class='ocrx_word' id='word_1_262' title='bbox 899 3635 1056 3700; x_wconf 89' lang='lat' dir='ltr'>continens</span> <span class='ocrx_word' id='word_1_263' title='bbox 1078 3634 1132 3714; x_wconf 81' lang='lat' dir='ltr'>(si,</span> <span class='ocrx_word' id='word_1_264' title='bbox 1154 3636 1191 3699; x_wconf 92' lang='lat' dir='ltr'>ut</span> <span class='ocrx_word' id='word_1_265' title='bbox 1211 3635 1257 3714; x_wconf 75' lang='lat' dir='ltr'>tn</span> 
     </span>
     <span class='ocr_line' id='line_1_33' title="bbox 192 3718 1258 3822; baseline 0.007 -24"><span class='ocrx_word' id='word_1_266' title='bbox 192 3734 276 3800; x_wconf 87' lang='lat' dir='ltr'>lento</span> <span class='ocrx_word' id='word_1_267' title='bbox 296 3737 417 3818; x_wconf 86' lang='lat' dir='ltr'>raptem</span> <span class='ocrx_word' id='word_1_268' title='bbox 428 3718 588 3820; x_wconf 82' lang='lat' dir='ltr'>coniugem</span> <span class='ocrx_word' id='word_1_269' title='bbox 600 3736 746 3818; x_wconf 77' lang='lat' dir='ltr'>tulisset),</span> <span class='ocrx_word' id='word_1_270' title='bbox 770 3740 855 3805; x_wconf 89' lang='lat' dir='ltr'>ouius</span> <span class='ocrx_word' id='word_1_271' title='bbox 878 3739 1019 3822; x_wconf 85' lang='lat' dir='ltr'>epodosis</span> <span class='ocrx_word' id='word_1_272' title='bbox 1042 3741 1090 3805; x_wconf 90' lang='lat' dir='ltr'>est</span> <span class='ocrx_word' id='word_1_273' title='bbox 1103 3741 1136 3805; x_wconf 93' lang='lat' dir='ltr'>in</span> <span class='ocrx_word' id='word_1_274' title='bbox 1149 3760 1179 3806; x_wconf 81' lang='lat' dir='ltr'>r.</span> <span class='ocrx_word' id='word_1_275' title='bbox 1197 3740 1258 3805; x_wconf 80' lang='grc'>221</span> 
     </span>
     <span class='ocr_line' id='line_1_34' title="bbox 193 3840 1040 3925; baseline 0.007 -21"><span class='ocrx_word' id='word_1_276' title='bbox 193 3840 446 3925; x_wconf 80' lang='lat' dir='ltr'>Nupta&#39;forot</span> <span class='ocrx_word' id='word_1_277' title='bbox 468 3840 603 3905; x_wconf 87' lang='lat' dir='ltr'>Paridi</span> <span class='ocrx_word' id='word_1_278' title='bbox 624 3844 763 3922; x_wconf 81' lang='lat' dir='ltr'>mator,</span> <span class='ocrx_word' id='word_1_279' title='bbox 786 3846 826 3909; x_wconf 87' lang='lat' dir='ltr'>ut</span> <span class='ocrx_word' id='word_1_280' title='bbox 849 3845 936 3909; x_wconf 86' lang='lat' dir='ltr'>ante</span> <span class='ocrx_word' id='word_1_281' title='bbox 957 3845 1040 3910; x_wconf 87' lang='lat' dir='ltr'>fuit.</span> 
     </span>
    </p>

    <p class='ocr_par' dir='ltr' id='par_1_7' title="bbox 195 3946 1288 4207">
     <span class='ocr_line' id='line_1_35' title="bbox 278 3946 1288 4028; baseline 0.005 -18"><span class='ocrx_word' id='word_1_282' title='bbox 278 3946 357 4011; x_wconf 83' lang='lat' dir='ltr'>Cum</span> <span class='ocrx_word' id='word_1_283' title='bbox 384 3946 600 4028; x_wconf 85' lang='lat' dir='ltr'>praetermissis</span> <span class='ocrx_word' id='word_1_284' title='bbox 627 3949 715 4014; x_wconf 89' lang='lat' dir='ltr'>oculo</span> <span class='ocrx_word' id='word_1_285' title='bbox 743 3950 937 4015; x_wconf 89' lang='lat' dir='ltr'>transiliente</span> <span class='ocrx_word' id='word_1_286' title='bbox 964 3952 1065 4017; x_wconf 87' lang='lat' dir='ltr'>verbis</span> <span class='ocrx_word' id='word_1_287' title='bbox 1096 3951 1263 4017; x_wconf 79' lang='lat' dir='ltr'>coniuncta</span> <span class='ocrx_word' id='word_1_288' title='bbox 1285 3976 1288 4015; x_wconf 84' lang='grc'>1</span> 
     </span>
     <span class='ocr_line' id='line_1_36' title="bbox 195 4034 1288 4140; baseline 0.008 -24"><span class='ocrx_word' id='word_1_289' title='bbox 195 4052 245 4117; x_wconf 88' lang='lat' dir='ltr'>est</span> <span class='ocrx_word' id='word_1_290' title='bbox 265 4039 472 4135; x_wconf 84' lang='lat' dir='ltr'>transpositio</span> <span class='ocrx_word' id='word_1_291' title='bbox 484 4053 639 4138; x_wconf 82' lang='lat' dir='ltr'>quadam,</span> <span class='ocrx_word' id='word_1_292' title='bbox 666 4073 738 4120; x_wconf 91' lang='lat' dir='ltr'>cum</span> <span class='ocrx_word' id='word_1_293' title='bbox 763 4055 879 4138; x_wconf 87' lang='lat' dir='ltr'>aliquid</span> <span class='ocrx_word' id='word_1_294' title='bbox 899 4055 1033 4140; x_wconf 91' lang='lat' dir='ltr'>primum</span> <span class='ocrx_word' id='word_1_295' title='bbox 1055 4075 1075 4122; x_wconf 87' lang='lat' dir='ltr'>a</span> <span class='ocrx_word' id='word_1_296' title='bbox 1098 4034 1200 4125; x_wconf 78' lang='lat' dir='ltr'>scriba</span> <span class='ocrx_word' id='word_1_297' title='bbox 1219 4054 1264 4125; x_wconf 70' lang='lat' dir='ltr'>ad</span> <span class='ocrx_word' id='word_1_298' title='bbox 1284 4068 1288 4109; x_wconf 83' lang='lat'>¹</span> 
     </span>
     <span class='ocr_line' id='line_1_37' title="bbox 1285 4166 1288 4207; baseline 0 0"><span class='ocrx_word' id='word_1_299' title='bbox 1285 4166 1288 4207; x_wconf 87' lang='grc' dir='ltr'>Ι</span> 
     </span>
    </p>
   </div>
   <div class='ocr_carea' id='block_1_7' title="bbox 0 0 1316 4530">
    <p class='ocr_par' dir='ltr' id='par_1_8' title="bbox 0 0 1316 4530">
     <span class='ocr_line' id='line_1_38' title="bbox 0 0 1316 4530; baseline 0 0"><span class='ocrx_word' id='word_1_300' title='bbox 0 0 1316 4530; x_wconf 95' lang='lat' dir='ltr'> </span> 
     </span>
    </p>
   </div>
  </div>
 </body>
</html>
