2580 4530
605 255 665 310 Lib.
684 252 704 309 1ss
991 299 992 304 ,
1084 260 1143 322 157

106 460 216 529 ἐστιν,
251 452 373 540 χράω),
408 456 620 539 exemptisque
646 457 752 538 paucis
775 459 866 533 locis,
903 459 956 542 qui
978 461 1060 524 recte
1081 461 1187 543 scripti

106 560 193 626 male
215 561 491 646 intellegerentur,
519 561 552 625 in
574 563 695 634 ceteris,
718 563 778 628 nisi
800 565 880 646 quod
901 565 933 628 in
954 583 1014 631 uno
1036 566 1069 629 et
1090 567 1187 631 altero

107 667 197 731 uliud
228 667 347 733 lateret
370 667 535 743 mendum,
573 667 627 730 aut
657 668 795 733 futurum
827 669 986 734 lenissima
1016 672 1186 736 mutatione

107 773 288 852 (δέξεσθαι
311 792 374 856 pro·
392 773 567 849 δέξασθαι,
590 767 748 857 ποιήσειν
768 794 824 857 pro
845 777 998 860 ποιῆσαι)
1019 776 1186 843 restituen-

108 880 186 945 dum'
209 900 282 946 esse
310 883 366 946 aut
392 876 438 946 do
466 898 529 944 non
555 879 657 944 minus
685 879 865 964 plerumque
893 877 1106 966 leni-(totae
1127 880 1182 960 olo,

108 980 253 1069 μάλιστ’
274 983 333 1070 ἄν)
367 985 561 1062 addendum,
596 985 772 1067 multosque
808 988 889 1052 locos
923 988 1051 1052 aliorum
1079 1007 1186 1055 meave

111 1093 335 1158 emendatione
363 1093 483 1157 correxi
495 1091 530 1169 ¹).
583 1089 919 1173 Sperabameffeetum
940 1113 1024 1171 esse,
1055 1097 1185 1178 nequis

109 1200 204 1283 paulo
227 1199 412 1282 prudentior
432 1197 619 1280 peritiorquc
641 1203 704 1280 ἔφη
728 1193 838 1282 (ᾤετο)
864 1199 1007 1284 ποιῆσαι
1029 1202 1186 1285 (ποιῆσαί

109 1312 212 1383 τινα),
235 1307 383 1370 ntesset:
408 1304 608 1368 facturum
631 1322 669 1368 se
685 1303 880 1386 (aliquem)
899 1323 993 1384 esse,
1017 1307 1184 1372 autetiam

111 1404 282 1477 ιιαιιαὶσειν
303 1413 358 1476 καὶ
376 1403 607 1497 χειρώσασθαι
623 1409 713 1474 edere
727 1411 863 1487 auderet,
885 1411 983 1476 tribus
1005 1415 1185 1495 quattuorve

110 1518 189 1583 locis
223 1517 379 1581 similibus
418 1513 582 1598 adscriptis
616 1515 794 1598 apposituro
828 1517 1002 1605 contortula
1038 1519 1070 1583 et
1101 1519 1185 1584 inani

110 1623 323 1688 menodoro.
368 1621 433 1686 Sed
454 1640 491 1685 ea
513 1621 690 1705 disputatio,
711 1621 847 1704 exposita
868 1623 1027 1687 in·libelle
1052 1625 1182 1707 iniquis-

110 1729 192 1794 simo
215 1730 356 1812 tempore
391 1728 472 1792 inter
500 1727 573 1791 belli
600 1728 705 1791 turbas
734 1727 831 1801 edito,
869 1729 1019 1791 unumst
1050 1731 1182 1794 alterurn

112 1834 285 1900 commorit
307 1835 364 1916 (Η.
388 1833 556 1916 Sauppium
578 1834 609 1897 in
631 1833 768 1898 Platonis
790 1833 913 1916 Protag.
936 1852 967 1914 p.
991 1834 1052 1894 316
1075 1832 1112 1908 O,
1147 1833 1184 1899 G.

112 1940 288 2024 Sauppium
309 1941 342 2004 iu
363 1939 576 2022 Xenophonte,
596 1938 758 2017 Steioium,
781 1939 817 2002 ut
832 1938 954 2020 opinor,
976 1939 1008 2001 in
1028 1938 1184 2003 Herodoto
1281 1960 1285 1965 ·

112 2066 146 2112 or
175 2047 284 2128 aliqua
310 2047 415 2128 parto,
445 2045 602 2110 Kochium
630 2048 662 2110 iu
689 2044 919 2129 Aristophanis·
935 2045 1003 2108 nub.
1032 2064 1060 2108 v.
1084 2044 1124 2106 35
1155 2047 1186 2110 et

113 2155 228 2230 1141);
267 2153 405 2236 plerique
434 2150 612 2216 Graecorum
648 2152 830 2233 scriptorum
864 2152 995 2216 editores
1029 2171 1098 2216 eam
1131 2154 1185 2216 aut

112 2263 277 2345 ignorasse
296 2254 356 2321 'aut
377 2257 550 2340 neglexisse
571 2257 727 2330 ridentum
751 2275 823 2320 nam
847 2259 901 2320 aut
921 2240 1016 2323 tacit'c
1039 2261 1086 2333 (ut
1101 2258 1183 2324 Bek-

112 2367 208 2431 kerns
230 2365 264 2428 iu
287 2363 431 2435 Homero,
454 2363 487 2424 in
504 2363 632 2427 Platone
643 2363 853 2439 Hermanuns)
877 2367 931 2428 aut
952 2368 1087 2429 veterem
1111 2387 1184 2432 can-

111 2475 248 2536 tilenam
270 2468 444 2533 occinentes
472 2469 566 2549 (quod
590 2469 722 2539 maxime
749 2469 781 2531 in
804 2469 963 2552 Kruegero
986 2473 1092 2550 miror,
1126 2475 1185 2539 nisi

112 2575 330 2662 grammaticae
353 2593 417 2638 suae
439 2574 670 2650 auctoritatem,
699 2593 759 2655 qua
785 2574 881 2637 ceteri
901 2575 933 2637 in
956 2576 1065 2642 haere
1091 2582 1184 2645 utun-

111 2687 180 2760 tur,
213 2682 353 2745 deserere
381 2698 441 2743 non
469 2680 661 2743 inanimum
689 2679 821 2756 induxit)
851 2681 962 2744 menda
993 2687 1046 2748 aut
1079 2688 1183 2751 omnia

112 2792 167 2854 aut
191 2788 338 2869 pleraque
359 2787 543 2862 tenuerunt3
574 2786 708 2868 quidam,
738 2804 805 2849 meo
828 2786 932 2850 libello
952 2790 1007 2851 aut
1029 2792 1182 2872 appellato

112 2898 167 2960 aut
192 2892 376 2976 significato,
399 2910 436 2955 ea
457 2891 693 2974 adscripserunt,
716 2895 750 2957 ut
769 2892 846 2955 nihil
868 2912 917 2957 eos
940 2894 1106 2961 attendisse
1129 2898 1183 2961 aut

112 2996 307 3067 intellexisse
327 2997 521 3080 appareat³);
544 3000 595 3080 qui
609 3002 713 3064 autem
728 2998 775 3062 his
793 3000 938 3080 proximis
957 3002 1045 3065 aunis
1062 3002 1182 3066 veriora

140 3229 166 3297 ¹)
188 3229 251 3283 Non
269 3246 363 3298 paucos
381 3232 452 3286 locos
465 3234 604 3286 notaverat
612 3232 757 3300 Dobraeus‚
777 3235 834 3288 reri
847 3237 935 3300 tenax,
953 3234 1020 3288 alios
1031 3232 1180 3287 Schaeferus

187 3326 217 3375 ct
235 3322 378 3386 Bellerus,
398 3323 444 3377 sed
462 3325 667 3381 inconstantius.
1100 3336 1103 3341 '

144 3413 170 3483 ¹)
190 3415 432 3471 Bouchensteinius
451 3417 484 3471 ad
502 3418 589 3487 Lysiae
609 3421 676 3472 orat.
694 3420 758 3484 ΧΠ,
778 3422 811 3475 19
830 3419 864 3472 ad
882 3418 1074 3472 defendendum
1093 3412 1181 3486 ᾤοντο

188 3508 348 3578 κτήσασθαι
361 3526 410 3578 pro
425 3509 576 3579 κτήσεσθαι
588 3512 715 3576 positum,
735 3512 805 3581 quod
819 3529 867 3581 ego
880 3514 1041 3571 notaveram,
1060 3524 1102 3560 mc
1120 3507 1181 3576 ipso

189 3601 280 3653 utitur
299 3604 415 3664 auctore,
441 3602 489 3665 iis,
513 3619 571 3671 quae
590 3604 619 3656 in
639 3606 744 3674 syntaxi
763 3605 795 3659 de
820 3606 894 3666 ἐλπίς
913 3605 940 3655 et
957 3601 1079 3671 cognatis
1096 3600 1180 3669 scrip-

189 3709 288 3754 seram,
321 3693 355 3747 ad
379 3688 458 3762 οἶμαι
482 3696 635 3759 translatis,
669 3698 782 3760 oblitus,
812 3712 891 3765 quam
919 3693 1064 3762 diligenter
1091 3692 1140 3746 illa
1165 3710 1182 3748 a

189 3784 296 3838 dicendi
313 3784 479 3854 potandique
497 3787 585 3841 verbis
603 3791 792 3859 separarissem
812 3786 944 3856 (Bemerlr.
960 3802 986 3854 p.
1004 3787 1065 3851 43);
1085 3784 1181 3838 deinde

188 3876 217 3930 in
235 3879 250 3943 ξ
270 3879 312 3939 26,
332 3878 380 3931 ubi
399 3879 450 3932 οἴει
474 3880 572 3934 δοῦναι
591 3898 639 3950 pro
659 3868 756 3937 dolam
777 3879 913 3948 accipitur,
933 3877 1121 3930 correctionem
1136 3876 1181 3930 vix

189 3969 364 4024 necessariam
383 3987 446 4035 esse,
472 3973 605 4039 superiore
624 3974 673 4028 illa
691 3974 785 4028 notula
802 3971 1013 4027 demonstratum
1031 3970 1123 4036 putat,
1150 3967 1179 4020 in

188 4061 267 4124 XllI,
285 4063 320 4116 53
337 4064 421 4131 negat
439 4067 510 4117 certo
528 4065 664 4121 affirmari.
700 4065 769 4131 Quid
787 4063 816 4117 id
834 4062 869 4117 ad
891 4061 1016 4132 tempus?
