2580 4530
539 307 600 366 uio.
618 310 659 368 11.
1030 311 1088 374 261

72 507 148 573 adeo
176 507 352 592 urbemque
390 509 525 591 patriam
562 507 659 586 visat,
702 511 836 594 gratiam
868 512 897 576 ei
917 524 963 577 ¹se
994 511 1134 579 felicitati

71 614 212 679 aetorum
234 613 320 680 dioit.
343 613 501 690 (Fortasse
522 610 639 701 ὄλβον,
660 615 696 710 ut
717 616 846 702 Koeohly
866 615 986 696 voluit.)
996 616 1021 695 ¹)

166 718 237 787 Ibd.
256 719 318 783 679
333 719 544 786 scribendum:
568 715 721 805 προδούς
744 722 956 788 σεσῶσθαί
979 715 1007 788 α’
1029 715 1134 797 αὐτός

70 829 118 898 εἰς
139 826 257 900 οἴκους
276 821 395 912 μόνος.
612 812 615 817 “

167 931 234 997 lou
258 930 334 997 740:
357 930 499 998 Αιίιαιον
518 929 636 1004 εἶπας·
659 925 817 1015 πῶς’γοὶρ
840 928 1028 1020 α’γγείλοιεν
1051 932 1110 1014 αις

69 1037 133 1101 Νοο
156 1037 239 1116 iuro,
267 1036 323 1103 sed
344 1039 461 1114 temore
483 1036 594 1120 quaeri,
615 1036 774 1121 Iphigenia
795 1039 885 1119 dicit,
907 1041 1051 1124 quoniam
1072 1041 1132 1109 nisi

68 1142 154 1207 vivus
177 1141 324 1208 dimissus
349 1143 427 1208 alter
455 1162 475 1208 e·
490 1142 627 1224 'captivis
654 1161 713 1207 non
740 1145 837 1227 possit
867 1147 1008 1212 nuntium
1030 1149 1129 1231 Argos

67 1249 209 1330 perferre.
252 1247 468 1313 Soribendum:
493 1251 657 1314 εἰκαῖον
679 1230 789 1323 εἶναι.

167 1353 234 1418 Ibd.
260 1352 332 1418 796.
387 1354 494 1437 Neque
526 1351 668 1428 ἄπιστος
699 1357 849 1442 βραχίων
876 1358 957 1433 eins,
989 1358 1041 1441 qui
1071 1377 1131 1424 non

66 1460 215 1551 confidat,
247 1459 337 1524 ”reete
364 1456 423 1521 dioi
452 1459 589 1535 videtur,
623 1480 721 1545 neque
749 1481 808 1528 non
836 1462 960 1528 contidit
987 1461 1127 1542 Orestes;
1198 1448 1203 1457 ⁴

66 1567 171 1650 itaque
192 1564 296 1648 potins
316 1563 511 1635 scribendum
532 1566 668 1632 videtur:

243 1668 338 1756 ὅμως
359 1694 400 1735 os
424 1671 552 1758 πίοτῳ
576 1668 773 1756 περιβαλών
792 1674 959 1759 βραχίονι.

65 1777 164 1842 Codd.
186 1772 282 1859 ὅμως
303 1769 447 1863 uuluam.
1000 1816 1006 1822 -

164 1881 317 1948 moene:
340 1884 409 1949 Καὶ
422 1876 534 1968 λούτρ’
549 1888 583 1957 ἐς
593 1875 706 1950 Αὖλιν
716 1879 846 1971 μητρὸς
860 1877 1001 1960 ductito
1017 1877 1129 1968 παρας

62 1989 174 2072 Inepta
195 1987 264 2052 auio
296 1982 447 2071 λούιραν
479 1990 612 2068 mentio,
648 2008 715 2073 quae
746 1988 906 2074 Iphigenia
940 1993 988 2062 εἰς
1018 1980 1128 2057 Αὖλιν

61 2094 220 2177 aoeeperit
240 2113 340 2178 neque
365 2095 393 2159 ei
413 2096 527 2178 nuptiae
558 2095 738 2162 ademerint.
786 2096 890 2161 Etiam
922 2090 1128 2183 α’ναδέχογιαι

61 2221 193 2284 pravum
215 2220 269 2285 pro
293 2199 431 2287 δέχομαι
456 2201 494 2266 de
515 2220 641 2267 munere
663 2203 794 2286 aooepto.
833 2201 992 2288 Significat
1003 2190 1127 2269 Orestes

64 2327 133 2372 eam
159 2309 260 2390 ipsam
282 2307 420 2381 vestem,
447 2307 479 2370 in
498 2326 558 2391 qua
578 2308 642 2383 iila,
666 2326 732 2391 quae
753 2310 1033 2390 supramemorata
1054 2309 1127 2389 sint,

64 2414 228 2498 Iphigenia
258 2412 440 2489 intexuerit,
477 2414 505 2477 ei
532 2418 674 2479 omatum
700 2415 875 2497 nuptiarum
903 2433 995 2480 eausa
1022 2415 1126 2481 dnum

62 2539 141 2585 esse.
188 2517 390 2584 Scribendum
414 2522 461 2585 ost
482 2521 576 2603 igitur
596 2519 755 2584 leuissima
777 2521 961 2587 mutatione:

150 2617 365 2707 ιιοῖλλνντρι
387 2629 437 2697 εἰς
459 2617 569 2691 Αὖλιν
591 2619 723 2710 μητρός
746 2620 769 2689 οἳ
787 2618 891 2701 ’δέξω
913 2619 1023 2710 πάρας

62 2733 105 2796 Er
129 2733 179 2796 his
203 2726 227 2794 ri
248 2724 458 2815 ἐδέξαπάρα
481 2730 609 2798 debetur
629 2731 828 2797 Kirohhoffio.

164 2836 234 2901 ibo.
258 2836 336 2901 836:

196 2933 252 3009 Ὢ
275 2955 428 3026 κρεῖσσον
450 2937 472 3026 ἢ
495 2935 643 3028 λόγοισιν
665 2937 812 3029 εὐτυχῶν
833 2941 918 3026 ἐμοῦ

201 3042 303 3134 ψυχαί.
351 3041 548 3131 &propteroa
569 3051 654 3133 πέρα
679 3050 732 3113 uui
757 3045 861 3134 λόγον

202 3147 317 3238 πρόσω
339 3146 412 3218 τάδ’
435 3156 549 3234 ἐπέβα.

164 3260 218 3325 Sio
240 3258 369 3335 codices,
392 3279 484 3342 quam
507 3261 690 3342 scripturam
711 3262 756 3326 ita
772 3262 965 3325 Hermannus
984 3259 1124 3335 mutavit,

59 3371 95 3432 ut
116 3385 246 3449 prorsus
268 3366 331 3430 veri
352 3366 483 3450 vestigia
503 3366 636 3431 tolleret.
683 3366 898 3431 Scribonium:

199 3462 255 3538 Ὦ
278 3483 431 3555 κρεῖσσον
456 3463 479 3555 ἢ
503 3463 651 3556 λόγοισιν
674 3462 910 3557 εὐιαχοιὶνί
932 3474 1035 3554 ἔργῳ

201 3597 304 3662 popo.

80 3746 264 3756 ..-.—-—

92 3841 116 3908 ¹)
136 3842 170 3897 V.
181 3845 243 3904 516,
263 3843 334 3912 quod
352 3844 380 3896 in
399 3859 460 3899 ann.
480 3843 546 3912 phil.
558 3843 623 3896 Dan.
638 3843 661 3896 V
679 3860 705 3912 p.
717 3846 750 3897 15
770 3845 847 3906 (158)
865 3856 1026 3895 correxeram
1044 3837 1124 3894 τοῦθ’

135 3933 200 4002 ὅρα,
219 3938 248 3987 et
266 3934 394 3989 Botbium
419 3936 447 3988 et
467 3933 614 3988 Seidlerum
633 3934 798 4003 proripuisse
817 3932 901 3986 rideo.
939 3933 971 3986 V.
990 3936 1041 3990 543
1060 3933 1123 3986 Rei-

134 4028 213 4080 ekiuo
232 4029 318 4079 reete:
335 4028 361 4078 tt
380 4025 404 4079 δ’
424 4023 438 4082 ὁ
459 4024 618 4094 στρατηγὸς,
637 4022 669 4080 ὃν
688 4024 798 4093 strove,
820 4023 990 4093 rooaapovsu
