2580 4530
620 281 679 338 σο.
698 283 719 336 1.
999 235 1001 240 ’
1124 289 1160 351 51

105 476 135 537 et
151 474 311 540 terminos
334 446 477 562 migret.
525 476 589 551 Sed
609 477 640 540 in
663 476 815 551 eiusmodi
842 480 916 546 loeis
945 501 1005 547 uon
1035 503 1104 549 raro
1126 478 1204 551 false

107 580 272 646 sententiae
295 584 432 665 species
456 584 585 666 obiectu
603 583 738 649 scribom
762 584 896 669 decepit,
925 590 961 653 ut
985 590 1049 653 iem
1069 590 1204 673 interpo-

107 684 179 751 htio
200 687 276 753 σεο
299 689 358 754 sit
398 690 502 754 Velut
516 688 599 771 opud
614 689 814 755 Plutarchum
828 691 861 756 in
883 680 949 758 uite
962 694 1094 779 Lycurgi
1111 716 1136 762 u
1152 699 1202 774 28,

109 791 158 855 ubi
177 793 251 878 egit
276 794 321 860 de
336 796 470 861 Helotis
492 796 624 861 fortibus
645 814 664 860 ο
685 795 844 878 Spartanis
867 798 935 863 dolo
956 801 1101 879 sublatis,
1123 804 1203 886 qnod

112 897 230 964 editur:
266 896 319 975 ὥς
341 894 438 987 μήτε
468 903 677 986 παραχρῆμα
709 897 798 986 μήτε
829 900 973 987 ὕστερον
1004 913 1092 991 ἔχειν
1125 903 1201 973 cruri

115 1007 242 1092 urar,
278 1004 355 1095 ὅτῳ
386 1002 506 1095 τρόπῳ
530 1001 777 1092 διεφθάρησαν.
819 1003 1058 1094 Ἀριστοτέλης
1079 1013 1112 1078 δὲ
1135 1007 1202 1097 μολ-

116 1106 208 1178 λιστιὶ
235 1139 328 1201 φησι
355 1119 415 1182 καλ
437 1112 523 1189 τούς
545 1113 702 1198 ἐφόρους,
734 1111 819 1180 ὅταν
843 1122 892 1190 εἰς
919 1112 987 1201 τήν
1007 1112 1116 1204 α’ρχήν
1144 1145 1203 1185 κσ-

116 1221 264 1286 ramulus
313 1223 478 1306 πρῶτον,
523 1233 596 1293 τοῖς
625 1224 735 1287 elienor
766 1226 1007 1310 καταγγέλλειν
1036 1217 1201 1310 πόλεμον,

117 1324 210 1400 ὅπως
234 1323 368 1414 εὐαγὲς
392 1320 415 1414 ᾗ
437 1323 477 1393 cd
498 1321 643 1406 αὀιλέῑο,
664 1349 794 1411 prorsus·
810 1322 913 1412 inepte
934 1331 1128 1410 Aristoteles,
1149 1333 1203 1416 qni

119 1434 201 1512 ueri,
225 1435 318 1518 quod
345 1432 555 1516 superioribus
576 1433 715 1513 additur,
737 1436 845 1500 auctor
864 1436 1023 1515 landatur,
1044 1439 1202 1503 menime
1263 1452 1266 1457 ·

118 1538 174 1604 hoe
199 1541 335 1606 tradere
372 1539 495 1604 dicitur.
551 1539 680 1605 iuerat:
718 1537 785 1627 ὅτῳ
817 1536 932 1627 τρόπῳ
962 1538 1202 1628 διεφθάρησαν

120 1640 286 1729 μάλιστα.
357 1640 601 1729 Ἀριστοτέλης
630 1647 666 1713 δέ
696 1672 777 1734 φησι
808 1672 838 1712 u.
870 1675 899 1711 τ.
931 1651 959 1713 λ.
1013 1649 1200 1716 Notissimus

122 1752 262 1818 adverbii
278 1772 360 1818 usus
375 1753 407 1818 in
420 1752 637 1836 interrogando
658 1774 727 1819 eum
743 1754 931 1819 dubitatione
949 1755 1076 1820 librario
1096 1757 1200 1820 tamen

122 1860 247 1942 ignotus
268 1859 372 1924 fnisse
393 1859 525 1924 ridetur.
569 1858 673 1925 Cieem
699 1860 731 1924 in
762 1861 899 1926 oratione
927 1858 964 1923 de
993 1859 1083 1923 domo
1104 1861 1141 1920 71
1165 1861 1200 1924 P.

124 1964 295 2031 lentulum
317 1965 439 2044 laudet,
462 1944 543 2048 q'uod
564 1966 630 2029 tam
652 1966 818 2031 honorifice
834 1967 872 2031 de
889 1984 944 2030 sno
967 1965 1069 2031 reditu
1079 1965 1199 2029 tulerit:
1275 2036 1278 2043 ¹

124 2071 293 2136 soluisti
325 2121 333 2135 .
358 2121 365 2135 .
389 2121 397 2136 .
419 2072 557 2136 meite
579 2090 662 2137 esse
691 2073 729 2136 in
756 2072 981 2155 republica,
1012 2072 1136 2161 magis
1160 2071 1202 2135 nt

125 2177 348 2243 ureessitus
379 2178 543 2260 imperio
571 2179 701 2259 populi
722 2179 882 2244 Romani
910 2177 1062 2243 viderer
1092 2196 1200 2259 quam

126 2284 164 2346 ad
185 2282 550 2348 administrandum
572 2283 1018 2350 ciuitate'm'restitutus.
1062 2283 1200 2366 Apparet

124 2391 151 2452 in
170 2390 230 2454 hae
255 2391 491 2471 comparatione
513 2390 557 2454 ed<
572 2389 814 2467 restitutionem,
842 2410 901 2473 qua
922 2389 1000 2454 nihil
1021 2391 1199 2456 contineba-

125 2495 267 2569 nonnisi
289 2495 329 2558 ut
351 2493 490 2558 Ciceroni
508 2495 616 2559 liceret
634 2497 666 2561 in
688 2497 788 2579 patrie
811 2515 877 2562 esse
900 2497 931 2561 et
952 2515 1012 2578 qua
1034 2497 1098 2559 soie
1119 2496 1199 2560 Len·

125 2602 201 2666 tulus
223 2619 291 2664 non
315 2601 480 2664 contentus
503 2601 596 2666 fuisse
618 2602 747 2680 dieitur,
781 2603 859 2667 nihil
880 2601 1032 2684 pertinere
1053 2600 1130 2665 illud
1151 2600 1198 2664 ad

126 2707 349 2771 administr.
376 2706 484 2770 civit.
507 2708 539 2770 et
558 2707 749 2772 incommode
764 2709 836 2773 eddi
851 2708 939 2790 quasi
951 2707 1082 2790 eugendi
1097 2723 1197 2782 eausa,

127 2818 227 2878 onus
251 2813 294 2876 ad
317 2784 522 2876 hinorificum
547 2813 747 2911 illudlpopuli
773 2814 953 2900 imperium,
987 2813 1142 2877 Ciceronis
1165 2831 1198 2875 se

125 2921 288 3001 prudentie
323 2920 357 2982 et
389 2919 504 2982 virtute
538 2937 637 2983 serere
669 2939 728 2983 non
761 2938 851 3002 posse
882 2918 1068 2994 iudicantis,
1106 2936 1197 3000 quem

125 3028 254 3091 maxime
288 3025 466 3108 pertinere,
493 3025 745 3108 scribendumque
773 3044 841 3090 esse
869 3024 1021 3106 particule
1050 3025 1082 3087 in
1110 3041 1197 3086 suem

127 3133 224 3199 edem
248 3131 411 3196 retracta:
441 3129 653 3195 arcessitus
675 3130 838 3213 imperio
860 3151 890 3213 p.
913 3131 951 3194 R.
973 3131 1126 3193 viderer
1153 3125 1196 3190 ed

125 3236 478 3305 cdministrendem
501 3234 711 3300 civitatem
728 3255 836 3318 quam
852 3237 1072 3300 restitutus.
1105 3231 1197 3311 Apud

126 3342 266 3410 Senecam
292 3343 387 3427 epist.
414 3343 465 3418 15,
490 3341 812 3423 rememoremur,
836 3362 902 3424 quse
926 3340 997 3403 dete
1020 3339 1076 3412 sit,
1110 3338 1196 3418 grate

126 3454 213 3518 mimo
236 3447 430 3535 accipienda
453 3466 510 3510 nee
532 3466 651 3529 semper
672 3448 836 3511 maioribus
858 3445 1011 3528 petendis)
1043 3442 1088 3505 sie
1120 3441 1196 3505 scri-

124 3557 206 3625 titur:
247 3560 393 3624 Finem
424 3552 640 3630 constitue,
676 3573 782 3636 quem
810 3552 977 3616 transire
999 3565 1043 3610 ne
1065 3548 1194 3628 possis

75 3616 98 3731 i
128 3668 282 3745 uidem,
321 3663 359 3728 si
385 3659 500 3725 velis.
550 3659 688 3724 Debebet
723 3679 807 3724 esse:
841 3677 885 3721 ne
918 3655 951 3718 si
982 3651 1082 3716 velis
1116 3654 1195 3736 qui·

127 3768 207 3841 ism.
245 3771 398 3859 pessis.
472 3763 534 3828 Sed
570 3762 756 3846 potestatem
792 3765 886 3827 finem
922 3759 1098 3823 transeundi
1136 3760 1195 3842 ipsi

129 3884 291 3948 restituere
314 3897 385 3945 σοσ
410 3889 606 3958 pessumus,
638 3872 827 3935 voluntatem
848 3870 881 3932 in
907 3867 989 3931 certo
1011 3865 1070 3930 fine
1095 3865 1194 3930 eonsi-

125 3990 218 4067 ueudi,
256 3984 418 4076 quamvis
456 3979 544 4041 ultre
574 3978 717 4060 progredi
745 3978 872 4040 fortasse
904 3972 1015 4050 liceat,
1049 3973 1191 4054 preestere

125 4102 231 4165 restrum
254 4102 314 4167 est.
375 4082 527 4169 Scripsit
549 4081 642 4165 igitur
659 4083 793 4147 Seuere:
819 4098 929 4163 quem
948 4079 1129 4152 transire,
1150 4091 1192 4136 ne

957 4188 992 4241 4*
