2580 4530
217 229 276 292 218
641 229 702 285 Lib.
721 229 758 284 ll.

274 428 392 496 Omitto
415 448 476 504 eos,
497 429 549 514 qui
570 430 626 495 hos
649 428 795 510 quattuor
815 449 921 496 versus
935 432 1058 510 tollunt,
1082 431 1162 516 quod
1185 450 1238 496 eos

173 554 232 600 non
244 537 384 618 expedire
398 539 543 619 possunt;
566 556 623 601 nec
635 534 821 619 Seyffertum
836 555 946 615 moror,
968 537 1100 603 aliarum
1112 539 1236 604 urbium

173 640 350 706 inimicitias
378 645 411 708 et
442 642 567 708 hostilia
595 641 665 707 odia
692 641 859 724 significari
885 644 1061 726 putantem,
1095 632 1128 710 in
1161 665 1238 729 quas

173 747 327 830 piaculum
349 747 487 813 delatum
509 748 560 822 sit,
581 747 769 830 mirificeque
781 747 826 813 sic
841 749 1051 832 corrigentem,
1078 752 1115 815 ut
1136 745 1237 825 κύνες

174 853 375 939 καθαγίζειν
402 850 589 945 πράγματα
622 847 756 918 πόλεσιν
781 853 931 919 dieantur.
984 855 1067 921 Nam
1090 876 1161 923 eum
1187 860 1237 924 vel

173 961 274 1026 solum
295 946 427 1044 praesens
446 951 738 1044 συνταράσσονται
749 960 782 1022 et
795 960 928 1026 aoristus
944 956 1141 1050 καθήγισαν
1162 973 1237 1045 (non

174 1064 263 1132 ὅσων
290 1060 334 1132 οἲν
359 1105 400 1115 -
422 1067 658 1153 καθαγίσωσιν
689 1065 727 1129 de
753 1083 785 1128 re
818 1067 932 1139 futura)
965 1069 1120 1136 refellunt.
1176 1071 1237 1136 Sed

172 1176 277 1239 tamen
306 1188 364 1239 non
390 1175 494 1239 minus
522 1173 636 1239 frustra
659 1169 863 1237 defenduntur
883 1173 915 1237 in
937 1175 1063 1259 vulgata
1085 1175 1238 1258 scriptura

173 1275 305 1348 πόλεων
331 1273 576 1367 σπαράγματα,
605 1276 664 1342 etsi
686 1273 919 1362 σπαράγματα
943 1298 999 1363 per
1019 1299 1053 1345 se
1074 1281 1238 1364 aptissime

172 1389 456 1451 commemorantur.
501 1385 643 1459 Tiresiae,
666 1383 745 1447 unde
767 1384 880 1448 onena
902 1385 966 1450 sint
986 1386 1041 1452 illa
1062 1389 1136 1452 ante
1159 1388 1235 1454 Ore-

172 1493 253 1557 ontis
274 1491 353 1556 aedes
371 1491 439 1569 (hoc
451 1492 534 1557 enim
552 1489 727 1574 significant
741 1489 835 1554 verba
850 1505 951 1573 φανεῖ
961 1478 1003 1538 ’-
1015 1507 1086 1567 σοῖς
1101 1487 1237 1578 δόμοις)

172 1592 306 1683 α’νδρών
317 1598 488 1684 γυναικῶν
501 1589 693 1680 κωκύματα,
717 1596 847 1677 exponit,
871 1600 1066 1683 generalique
1079 1604 1237 1669 sententia

171 1705 271 1782 audit,
309 1704 400 1769 urbes
421 1705 459 1769 iis
481 1703 678 1770 miseratione
699 1704 730 1766 et
758 1701 968 1787 indignatione
991 1705 1098 1772 adesse
1123 1711 1234 1789 solere,

172 1830 299 1894 quorum
319 1830 335 1875 a
351 1811 527 1893 corporibus
542 1809 686 1894 proiectis
697 1808 795 1872 frusta
807 1808 927 1874 dudae
947 1811 979 1877 in
996 1811 1096 1877 locum
1111 1832 1236 1880 sacrum

171 1916 403 1999 canesferaeque
422 1916 605 1999 pertulerint
628 1917 658 1980 et
683 1913 771 1997 quasi
793 1915 1004 1995 sacrificam,
1030 1919 1112 2001 quod
1129 1919 1235 1985 inPo·

170 2023 285 2107 lynicis·
302 2041 426 2104 corpore
448 2023 585 2087 futurum
607 2018 740 2086 Tiresias
763 2008 868 2102 putat:

207 2126 277 2215 Ἔχ
287 2136 367 2212 θρα
380 2128 435 2206 (sie
447 2127 602 2206 Reiskius)
619 2128 693 2193 δὲπ
704 2128 774 2192 οισι
797 2119 1088 2210 συνταράσσονται
1102 2124 1235 2207 πόλεις,

213 2233 301 2303 ὅσον
324 2225 540 2320 σπαράγματ’
562 2226 584 2316 ἢ
608 2225 707 2306 κύνες
730 2227 926 2321 καθηγισαν
948 2260 975 2299 ιι.
997 2260 1026 2300 τ.
1051 2238 1080 2300 l.

270 2342 380 2406 Restat
400 2340 478 2408 illud
492 2340 557 2404 sine
572 2339 664 2404 dubio
679 2341 863 2406 mendosum
879 2343 1052 2428 ἑστιοῦχον
1069 2349 1103 2416 ἐς
1120 2338 1237 2424 πόλιν,

172 2447 254 2531 quod
274 2464 370 2529 neque
392 2465 447 2527 per
469 2465 502 2539 se
528 2440 629 2517 πόλις
656 2447 764 2527 aptum
791 2448 854 2523 est,
883 2447 1006 2512 etiamsi
1034 2448 1073 2512 de
1100 2450 1235 2536 acropoli

170 2553 311 2636 accipias,
333 2569 432 2635 neque
444 2553 515 2634 post
527 2543 645 2624 πόλεις
655 2552 815 2637 ferendum
825 2553 954 2618 ridetur.
995 2553 1086 2632 Quod
1107 2554 1234 2638 quidam

45 2642 51 2715 Ῐ
169 2679 265 2742 nuper
296 2649 405 2722 πόλον
435 2657 639 2740 seripserunt,
672 2677 707 2722 ex
736 2677 772 2723 eo
802 2658 879 2725 nihil
903 2660 979 2724 recti
1007 2659 1087 2723 effici
1121 2663 1234 2743 potest.

169 2764 280 2847 Aptius
320 2768 401 2827 esset
441 2762 649 2849 (Atheniensis
688 2763 734 2828 rei
770 2764 1024 2847 significationem
1058 2767 1233 2846 continens)

170 2862 289 2935 θόλον.
333 2867 394 2932 Sed
415 2888 464 2934 res
485 2869 612 2937 incerta.

269 2974 372 3043 Eleot.
396 2974 466 3039 501.
517 2975 604 3039 Adeo
628 2973 763 3040 insolens
792 2966 832 3042 εὖ
855 2971 1054 3064 κατασχήσει
1077 2980 1116 3045 de
1151 2968 1235 3047 bono

170 3083 290 3158 eventu,
313 3082 349 3144 ut
370 3080 566 3146 scribendum
588 3081 724 3163 suspicer
746 3072 786 3147 εὖ
809 3087 1102 3170 καταστρέψει.

271 3186 337 3250 Ibd.
361 3186 421 3248 566
447 3205 529 3269 sqq.:

305 3285 427 3375 Πατήρ
451 3285 537 3356 ποθ’
559 3286 682 3377 οὑμός,
705 3286 749 3368 οἷς
771 3288 833 3383 ἐγοί
859 3290 957 3370 κλαίοι,
981 3302 1070 3373 θεοῖς

304 3401 435 3478 παίζων
457 3391 528 3463 κατ’
550 3394 654 3472 σ’ίλοος
677 3403 865 3487 ἐξεκίνησεν
888 3402 1012 3468 ποδοῖν

306 3499 443 3572 στικτόν
464 3504 631 3591 κεράστην
654 3510 780 3589 ἔλαφον
804 3533 831 3573 κ.
855 3532 885 3572 τ.
909 3510 939 3572 λ.

268 3613 338 3678 Νοο
369 3613 469 3677 solum
499 3613 678 3678 excitavisse
708 3614 900 3696 Agamemno
937 3633 1060 3681 cervum
1099 3619 1143 3694 (in
1172 3638 1233 3702 quo

168 3718 245 3780 mire
267 3719 402 3784 abundat
429 3719 569 3797 ποδοῖν,
600 3718 659 3783 nisi
686 3717 753 3800 quis
784 3721 875 3801 putat
896 3720 1074 3803 Sophoclem
1104 3742 1228 3788 cerrum

168 3822 281 3888 dixisse
294 3824 431 3906 quietum
454 3826 595 3901 iacuisse,
618 3826 715 3890 donee
731 3823 795 3887 ictu
813 3826 928 3906 pedum
945 3826 1149 3908 excitaretur),
1174 3830 1229 3894 sed

169 3947 259 3993 cursu
270 3930 379 3994 vicisse
393 3931 424 3995 et
435 3932 551 4014 cepisse
566 3932 754 3997 tradebatur.
783 3930 894 4014 ltaque
912 3932 979 3998 duae
997 3933 1110 3998 littera
1122 3934 1229 4000 sedem

166 4038 341 4117 permutare
367 4036 489 4117 dehent,
518 4041 554 4103 ut
573 4039 614 4103 sn
638 4037 873 4119 ἐξενίκησεν
894 4040 1026 4105 ποδοῖν.
1081 4041 1230 4116 (flodoin
