2580 4530
521 288 534 318 r·
606 248 665 303 Lib.
683 249 705 304 Ι.
1023 340 1026 353 .
1083 251 1144 315 173

123 445 408 529 scriptori'tribnet,
436 447 551 530 poterit
574 447 668 513 etiam
690 447 823 513 alterum
844 449 993 527 tribuare3
1016 451 1061 532 (in
1082 451 1184 526 XXII,

121 550 176 611 134
211 554 297 616 recte
338 553 486 618 scribitur
522 549 648 636 ὄμοσσε
678 601 686 615 .
711 600 718 616 .
743 601 751 617 .
779 547 923 638 μήποτε
945 593 983 602 -
1013 562 1185 636 toeneium)

119 655 250 722 alterum
283 657 317 750 in
344 658 478 739 XXVII,
501 659 650 735 (carmine
680 677 740 722 non
767 661 869 727 minus
901 662 1001 728 dubia
1021 665 1184 750 originis),

116 761 168 825 60:
200 756 271 851 φῄς
300 789 363 847 μοι
393 757 510 830 πάντα
534 758 656 849 δόμεν·
679 757 763 852 τάχα
793 761 824 834 δ’
849 764 994 854 ὕστερον
1020 763 1093 836 oo'd'
1119 767 1185 837 ἅλα

115 868 224 953 δοίης,
261 869 407 935 adiuncto
435 872 486 961 hic
512 891 630 955 qnoque
657 872 754 937 altero
783 874 954 940 soloecismo
995 874 1103 959 (δοίης
1128 896 1184 959 pro

113 969 153 1041 do
176 975 319 1060 δοίης);,
336 997 409 1042 nam
433 978 606 1043 Hermanni
626 979 824 1045 inanissimas
852 980 988 1062 argutias
1010 968 1076 1047 'non
1103 1002 1183 1048 curo.

113 1083 176 1147 Has
200 1084 304 1168 igitur
325 1083 471 1167 relinquo.
488 1084 665 1168 Byzantina
687 1085 789 1154 aetatis
813 1085 943 1160 notast)

210 1191 300 1263 Haec,
340 1209 407 1272 qnae
440 1190 615 1272 generatim
645 1192 824 1273 persecutus
860 1211 945 1267 sum,
977 1192 1117 1258 veritatis
1133 1196 1183 1266 ret

111 1297 221 1362 erroris
237 1296 356 1361 indicia
370 1296 423 1379 qui
446 1296 607 1360 coniuncta
623 1297 718 1362 libero
741 1296 843 1362 animo
865 1297 1101 1362 consideraverit
1116 1318 1183 1378 nec,

109 1403 142 1467 ut
167 1403 226 1480 fit,
260 1403 328 1467 sine
354 1403 422 1482 ulla⁸
446 1403 492 1467 rei
519 1403 635 1467 naturae
658 1402 843 1486 cogitatione
865 1403 1182 1470 auttestimoniomm

110 1508 312 1574 distinctione
337 1528 434 1573 unum
462 1511 516 1573 aut
537 1508 669 1573 alterum
697 1508 800 1572 locum
830 1508 992 1592 arripuerit
1019 1510 1181 1596 inanemre

109 1614 321 1680 distinctionis
344 1613 489 1695 speciem,
511 1615 549 1691 is,
572 1614 711 1679 adhibita
731 1614 795 1691 illa,
819 1614 855 1679 de
875 1634 934 1697 qua
951 1615 1058 1680 statim
1069 1616 1181 1694 dicam,

109 1723 269 1786 certorum
298 1720 462 1784 verborum
495 1721 686 1803 separatione
715 1723 746 1784 et
779 1721 973 1802 exceptione,
1004 1722 1180 1786 universam

107 1825 196 1889 illam
228 1825 268 1889 de
295 1825 410 1890 aoristo
445 1826 590 1891 infinitivi
617 1825 698 1908 apud
727 1825 850 1897 dicendi
874 1826 1061 1908 putandique
1087 1829 1181 1892 verba

106 1930 204 1995 futuri
231 1931 460 2014 significatione
483 1935 536 1996 aut
557 1932 755 1997 additurum
776 1933 937 1996 inclinanti
959 1933 1073 2012 posito,
1098 1933 1179 2015 quod

106 2037 144 2100 ad
166 2036 340 2120 scriptores
365 2039 534 2121 Byzantino
556 2040 693 2120 temporo
712 2036 830 2119 priores
854 2037 980 2114 attinet,
1007 2038 1097 2121 plane
1123 2040 1179 2104 ab·
1283 2110 1286 2114 ,

107 2143 193 2207 iiciet
223 2143 468 2226 mendorumque
494 2144 584 2208 unius
616 2145 648 2208 et
668 2143 817 2224 simplicis
840 2143 961 2225 generis
983 2163 1177 2209 communem

109 2248 361 2314 emendationem
389 2250 515 2315 alterius
542 2250 643 2314 utrius
669 2251 776 2313 formae
807 2250 872 2313 sinc
899 2249 963 2312 ulla
990 2249 1180 2316 haesitatione

108 2355 242 2437 accipiet
271 2357 309 2420 ab
336 2356 407 2420 aliis
441 2356 494 2419 aut
525 2356 591 2439 ipse
623 2354 791 2420 adhibebit.
848 2356 895 2418 Ac
920 2356 971 2418 rix
996 2356 1059 2420 iarn
1083 2376 1179 2439 operae

107 2461 399 2541 praesumeretur
427 2481 523 2525 unum
550 2465 581 2526 et
616 2463 747 2526 alterum
779 2448 881 2526 locum
911 2462 1098 2540 adscribere,
1131 2464 1179 2527 cui

108 2639 313 2648 ———

136 2764 159 2831 ¹)
179 2767 215 2819 In
234 2769 353 2820 mentem
371 2766 441 2820 mihi
459 2766 515 2820 hac
532 2768 657 2820 revocant
679 2782 735 2819 rem
754 2782 770 2818 a
788 2781 830 2817 me
848 2764 913 2819 olim
926 2767 1081 2835 expositam.
1113 2766 1177 2820 Dixi

176 2859 255 2912 enirn
269 2862 358 2925 (1835,
376 2861 405 2912 ct
422 2860 519 2929 repetii
534 2862 604 2915 1842
618 2860 647 2912 in
666 2874 747 2928 opusc
758 2856 832 2911 acad,
845 2857 872 2910 ΙΙ
890 2874 916 2925 p.
929 2859 973 2927 77)
993 2859 1091 2927 multis
1099 2859 1176 2912 annis

176 2954 245 3005 ante
264 2955 380 3022 coeptam
399 2952 503 3021 vulgari
522 2952 666 3006 Ritschelii
679 2951 772 3004 Plauti
788 2950 940 3008 editionem,
959 2951 1085 3020 qnoniam
1104 2950 1176 3018 apud

176 3042 311 3098 Plautum
326 3046 520 3099 etTerentium
539 3063 593 3100 non
611 3044 689 3099 modo
708 3043 794 3097 multo
809 3037 938 3111 'pluribus
956 3043 1022 3096 locis
1040 3042 1175 3111 legeretur

176 3135 256 3190 faxo
280 3139 368 3191 scies
392 3155 471 3207 quam
497 3138 572 3192 faxo
598 3139 701 3199 scias,
728 3135 774 3207 sod
792 3137 822 3189 in
839 3136 962 3191 omnibus
981 3135 1015 3189 iis
1033 3134 1108 3197 locis,
1127 3132 1174 3185 ubi

177 3230 273 3284 iornrae
291 3230 435 3285 discrimen
453 3231 487 3285 ad
505 3248 610 3285 versum
628 3231 782 3299 pertineret,
802 3230 844 3282 ita
861 3230 893 3296 pt
911 3226 1026 3294 triginta
1045 3228 1174 3294 quattuor

176 3323 247 3376 locis
266 3314 337 3377 esset
355 3324 433 3378 faxo
449 3325 646 3379 laudabitis
675 3324 702 3376 et
721 3321 830 3385 similia,
859 3335 991 3386 nusquam
1009 3319 1085 3372 faxo
1103 3319 1172 3372 lan-

176 3415 255 3480 des,
273 3432 334 3470 eum
352 3419 501 3487 praesertim
519 3417 665 3479 accederet,
684 3418 717 3468 ut
735 3414 812 3468 faxo
832 3412 921 3466 scies
939 3410 1020 3464 facile
1039 3412 1068 3463 in
1087 3411 1173 3463 scias

174 3513 329 3564 mutaretur
347 3527 363 3562 a
381 3509 500 3563 librariis
518 3512 646 3564 omissum
673 3527 730 3564 esse
760 3510 796 3560 ut
823 3502 996 3575 putantibus,
1024 3504 1117 3557 scias
1144 3503 1172 3556 in

175 3606 266 3658 scios
285 3620 338 3657 uon
356 3602 435 3656 facile
453 3605 590 3671 transiret,
609 3605 782 3658 manifestum
794 3619 849 3655 esse
867 3601 968 3652 veteres
986 3596 1049 3649 illos
1067 3612 1170 3664 semper

175 3696 282 3750 duobus
299 3696 400 3751 futuris
419 3712 449 3749 ex
468 3713 543 3764 aquo
562 3699 710 3751 coniunctis
729 3698 827 3750 dixisse
846 3694 926 3746 faxo
945 3689 1047 3749 scies,
1073 3688 1170 3750 sciet,

173 3805 228 3843 non
249 3791 352 3850 scias,
379 3790 476 3842 sciat.
523 3791 588 3843 Eius
618 3788 810 3843 admonitionis
836 3784 914 3838 rideo
940 3781 1171 3847 breviternuper

122 3896 126 3901 ’
175 3860 344 3935 mentionem
364 3882 492 3936 iniectam
510 3899 526 3936 a
541 3884 675 3947 Ieremia,
695 3881 816 3935 auditore
834 3877 899 3929 olim
916 3890 989 3937 meo;
1007 3890 1085 3926 nemo
1103 3889 1170 3940 pra·

170 3976 253 4035 terea,
275 3975 348 4042 quod
368 3976 458 4039 sciam,
478 3980 526 4029 aut
545 3975 759 4029 commemorarit
777 3974 824 4023 aut
842 3971 987 4038 quastione
996 3965 1105 4032 dignam
1115 3979 1171 4016 rem

172 4066 289 4134 putavit.
