<?xml version="1.0" encoding="UTF-8"?>
<!DOCTYPE html PUBLIC "-//W3C//DTD XHTML 1.0 Transitional//EN"
    "http://www.w3.org/TR/xhtml1/DTD/xhtml1-transitional.dtd">
<html xmlns="http://www.w3.org/1999/xhtml" xml:lang="en" lang="en">
 <head>
  <title>
</title>
<meta http-equiv="Content-Type" content="text/html;charset=utf-8" />
  <meta name='ocr-system' content='tesseract 3.04.00' />
  <meta name='ocr-capabilities' content='ocr_page ocr_carea ocr_par ocr_line ocrx_word'/>
</head>
<body>
  <div class='ocr_page' id='page_1' title='image "./adversariacriti00madvgoog_0517.png"; bbox 0 0 2580 4530; ppageno 0'>
   <div class='ocr_carea' id='block_1_1' title="bbox 219 231 769 296">
    <p class='ocr_par' dir='ltr' id='par_1_1' title="bbox 219 231 769 296">
     <span class='ocr_line' id='line_1_1' title="bbox 219 231 769 296; baseline 0.004 -12"><span class='ocrx_word' id='word_1_1' title='bbox 219 233 281 296; x_wconf 84' lang='lat'><strong><em>500</em></strong></span> <span class='ocrx_word' id='word_1_2' title='bbox 644 231 704 288; x_wconf 85' lang='lat' dir='ltr'>Lib.</span> <span class='ocrx_word' id='word_1_3' title='bbox 723 231 769 288; x_wconf 84' lang='lat' dir='ltr'><strong><em>IV.</em></strong></span> 
     </span>
    </p>
   </div>
   <div class='ocr_carea' id='block_1_2' title="bbox 174 424 1245 4127">
    <p class='ocr_par' dir='ltr' id='par_1_2' title="bbox 176 424 1237 718">
     <span class='ocr_line' id='line_1_2' title="bbox 177 424 1236 522; baseline 0 -23"><span class='ocrx_word' id='word_1_4' title='bbox 177 435 231 499; x_wconf 81' lang='lat' dir='ltr'>sit:</span> <span class='ocrx_word' id='word_1_5' title='bbox 257 439 289 498; x_wconf 82' lang='lat' dir='ltr'><strong><em>ci</em></strong></span> <span class='ocrx_word' id='word_1_6' title='bbox 311 427 341 499; x_wconf 87' lang='grc' dir='ltr'><strong><em>δ’</em></strong></span> <span class='ocrx_word' id='word_1_7' title='bbox 364 438 400 499; x_wconf 83' lang='grc' dir='ltr'><strong><em>ἐν</em></strong></span> <span class='ocrx_word' id='word_1_8' title='bbox 420 432 463 520; x_wconf 80' lang='grc' dir='ltr'><strong><em>τῇ</em></strong></span> <span class='ocrx_word' id='word_1_9' title='bbox 487 429 647 516; x_wconf 85' lang='grc' dir='ltr'><strong><em>Καδμείᾳ</em></strong></span> <span class='ocrx_word' id='word_1_10' title='bbox 669 433 950 517; x_wconf 75' lang='grc' dir='ltr'><strong><em>παρακληθέντες</em></strong></span> <span class='ocrx_word' id='word_1_11' title='bbox 971 424 1045 499; x_wconf 74' lang='lat' dir='ltr'>circei</span> <span class='ocrx_word' id='word_1_12' title='bbox 1070 433 1140 499; x_wconf 80' lang='grc' dir='ltr'><strong><em>τάν</em></strong></span> <span class='ocrx_word' id='word_1_13' title='bbox 1160 427 1236 522; x_wconf 76' lang='grc' dir='ltr'><strong><em>ἠγε-</em></strong></span> 
     </span>
     <span class='ocr_line' id='line_1_3' title="bbox 176 531 1237 624; baseline 0.004 -21"><span class='ocrx_word' id='word_1_14' title='bbox 176 532 293 623; x_wconf 83' lang='grc' dir='ltr'><strong><em>μάνων</em></strong></span> <span class='ocrx_word' id='word_1_15' title='bbox 317 531 699 624; x_wconf 67' lang='grc' dir='ltr'><strong><em>εάράσταςημάνοντσ.</em></strong></span> <span class='ocrx_word' id='word_1_16' title='bbox 741 536 792 601; x_wconf 86' lang='lat' dir='ltr'><strong><em>Ad</em></strong></span> <span class='ocrx_word' id='word_1_17' title='bbox 807 544 839 605; x_wconf 86' lang='lat' dir='ltr'><strong><em>ci</em></strong></span> <span class='ocrx_word' id='word_1_18' title='bbox 854 531 883 604; x_wconf 82' lang='grc' dir='ltr'><strong><em>δ’</em></strong></span> <span class='ocrx_word' id='word_1_19' title='bbox 900 539 1086 623; x_wconf 81' lang='lat' dir='ltr'>explendum</span> <span class='ocrx_word' id='word_1_20' title='bbox 1101 541 1237 607; x_wconf 80' lang='lat' dir='ltr'>additum</span> 
     </span>
     <span class='ocr_line' id='line_1_4' title="bbox 176 646 428 718; baseline -0.012 -5"><span class='ocrx_word' id='word_1_21' title='bbox 176 648 224 713; x_wconf 81' lang='lat' dir='ltr'><strong><em>est</em></strong></span> <span class='ocrx_word' id='word_1_22' title='bbox 245 646 428 718; x_wconf 73' lang='grc' dir='ltr'><strong><em>οἰκοῦντες.</em></strong></span> 
     </span>
    </p>

    <p class='ocr_par' dir='ltr' id='par_1_3' title="bbox 176 744 1239 1044">
     <span class='ocr_line' id='line_1_5' title="bbox 277 744 1239 837; baseline 0.004 -22"><span class='ocrx_word' id='word_1_23' title='bbox 277 751 408 817; x_wconf 80' lang='grc'><strong>1111133</strong></span> <span class='ocrx_word' id='word_1_24' title='bbox 439 770 568 834; x_wconf 86' lang='lat' dir='ltr'>pravum</span> <span class='ocrx_word' id='word_1_25' title='bbox 596 751 658 816; x_wconf 85' lang='lat' dir='ltr'>est:</span> <span class='ocrx_word' id='word_1_26' title='bbox 692 749 967 835; x_wconf 80' lang='grc' dir='ltr'><strong><em>δυναμικωτέραν</em></strong></span> <span class='ocrx_word' id='word_1_27' title='bbox 991 756 1077 835; x_wconf 80' lang='grc' dir='ltr'><strong><em>ἔχων</em></strong></span> <span class='ocrx_word' id='word_1_28' title='bbox 1095 745 1163 837; x_wconf 82' lang='grc' dir='ltr'><strong><em>την</em></strong></span> <span class='ocrx_word' id='word_1_29' title='bbox 1183 744 1239 818; x_wconf 81' lang='grc' dir='ltr'><strong><em>δά-</em></strong></span> 
     </span>
     <span class='ocr_line' id='line_1_6' title="bbox 176 855 1239 942; baseline 0 -18"><span class='ocrx_word' id='word_1_30' title='bbox 176 883 295 941; x_wconf 87' lang='grc' dir='ltr'><strong><em>ναμιν.</em></strong></span> <span class='ocrx_word' id='word_1_31' title='bbox 327 857 458 924; x_wconf 84' lang='lat' dir='ltr'>Videtur</span> <span class='ocrx_word' id='word_1_32' title='bbox 472 855 566 920; x_wconf 85' lang='lat' dir='ltr'>fuisse</span> <span class='ocrx_word' id='word_1_33' title='bbox 590 857 839 942; x_wconf 78' lang='grc' dir='ltr'><strong><em>μαχιμωτέραν,</em></strong></span> <span class='ocrx_word' id='word_1_34' title='bbox 862 856 917 922; x_wconf 84' lang='lat' dir='ltr'><strong><em>sed</em></strong></span> <span class='ocrx_word' id='word_1_35' title='bbox 938 858 1101 940; x_wconf 76' lang='lat' dir='ltr'>preceptis</span> <span class='ocrx_word' id='word_1_36' title='bbox 1123 857 1239 942; x_wconf 76' lang='lat' dir='ltr'>aliquot</span> 
     </span>
     <span class='ocr_line' id='line_1_7' title="bbox 176 963 496 1044; baseline -0.016 -14"><span class='ocrx_word' id='word_1_37' title='bbox 176 966 289 1032; x_wconf 84' lang='lat' dir='ltr'>litteris</span> <span class='ocrx_word' id='word_1_38' title='bbox 312 963 434 1044; x_wconf 77' lang='lat' dir='ltr'>corrupt</span> <span class='ocrx_word' id='word_1_39' title='bbox 489 1011 496 1026; x_wconf 90' lang='lat'><strong>.</strong></span> 
     </span>
    </p>

    <p class='ocr_par' dir='ltr' id='par_1_4' title="bbox 176 1063 1240 2224">
     <span class='ocr_line' id='line_1_8' title="bbox 277 1063 1238 1155; baseline 0 -18"><span class='ocrx_word' id='word_1_40' title='bbox 277 1072 372 1137; x_wconf 84' lang='lat' dir='ltr'>Paulo</span> <span class='ocrx_word' id='word_1_41' title='bbox 394 1070 464 1152; x_wconf 87' lang='lat' dir='ltr'>pest</span> <span class='ocrx_word' id='word_1_42' title='bbox 484 1068 518 1130; x_wconf 91' lang='lat' dir='ltr'><strong><em>in</em></strong></span> <span class='ocrx_word' id='word_1_43' title='bbox 540 1064 693 1130; x_wconf 76' lang='lat' dir='ltr'><strong>codicibus</strong></span> <span class='ocrx_word' id='word_1_44' title='bbox 717 1067 874 1133; x_wconf 86' lang='lat' dir='ltr'>scribitur:</span> <span class='ocrx_word' id='word_1_45' title='bbox 898 1073 929 1134; x_wconf 80' lang='grc' dir='ltr'><strong><em>εἰ</em></strong></span> <span class='ocrx_word' id='word_1_46' title='bbox 952 1069 986 1135; x_wconf 77' lang='grc' dir='ltr'><strong><em>δὲ</em></strong></span> <span class='ocrx_word' id='word_1_47' title='bbox 1002 1120 1008 1132; x_wconf 95' lang='grc'><em>.</em></span> <span class='ocrx_word' id='word_1_48' title='bbox 1025 1116 1054 1133; x_wconf 94' lang='grc'><strong><em>..</em></strong></span> <span class='ocrx_word' id='word_1_49' title='bbox 1077 1063 1238 1155; x_wconf 74' lang='grc' dir='ltr'><strong><em>ἐβιάσατο</em></strong></span> 
     </span>
     <span class='ocr_line' id='line_1_9' title="bbox 176 1166 1238 1258; baseline -0.001 -14"><span class='ocrx_word' id='word_1_50' title='bbox 176 1173 259 1251; x_wconf 75' lang='grc' dir='ltr'><strong><em>τούς</em></strong></span> <span class='ocrx_word' id='word_1_51' title='bbox 282 1175 470 1258; x_wconf 85' lang='grc' dir='ltr'><strong><em>πολεμίους</em></strong></span> <span class='ocrx_word' id='word_1_52' title='bbox 496 1166 685 1254; x_wconf 74' lang='grc' dir='ltr'><strong><em>ὑπομένειν</em></strong></span> <span class='ocrx_word' id='word_1_53' title='bbox 711 1167 750 1238; x_wconf 82' lang='grc' dir='ltr'><strong><em>τά</em></strong></span> <span class='ocrx_word' id='word_1_54' title='bbox 785 1169 915 1250; x_wconf 77' lang='grc' dir='ltr'><strong><em>δεινόν,</em></strong></span> <span class='ocrx_word' id='word_1_55' title='bbox 948 1177 1027 1248; x_wconf 85' lang='grc' dir='ltr'><strong><em>ἴσως</em></strong></span> <span class='ocrx_word' id='word_1_56' title='bbox 1053 1169 1100 1240; x_wconf 74' lang='grc' dir='ltr'><strong><em>δν</em></strong></span> <span class='ocrx_word' id='word_1_57' title='bbox 1123 1171 1180 1242; x_wconf 86' lang='grc' dir='ltr'><strong><em>διά</em></strong></span> <span class='ocrx_word' id='word_1_58' title='bbox 1202 1173 1238 1243; x_wconf 82' lang='grc' dir='ltr'><strong><em>τά</em></strong></span> 
     </span>
     <span class='ocr_line' id='line_1_10' title="bbox 179 1273 1240 1370; baseline 0 -20"><span class='ocrx_word' id='word_1_59' title='bbox 179 1279 377 1370; x_wconf 86' lang='grc' dir='ltr'><strong><em>παράλογον</em></strong></span> <span class='ocrx_word' id='word_1_60' title='bbox 398 1282 459 1364; x_wconf 76' lang='grc' dir='ltr'><strong><em>της</em></strong></span> <span class='ocrx_word' id='word_1_61' title='bbox 482 1273 584 1364; x_wconf 79' lang='grc' dir='ltr'><strong><em>τύχης</em></strong></span> <span class='ocrx_word' id='word_1_62' title='bbox 615 1273 777 1347; x_wconf 74' lang='grc' dir='ltr'><strong><em>δύναιντο</em></strong></span> <span class='ocrx_word' id='word_1_63' title='bbox 807 1283 861 1347; x_wconf 86' lang='grc' dir='ltr'><strong><em>καὶ</em></strong></span> <span class='ocrx_word' id='word_1_64' title='bbox 891 1294 1033 1348; x_wconf 80' lang='grc' dir='ltr'><strong><em>πταῖσαι</em></strong></span> <span class='ocrx_word' id='word_1_65' title='bbox 1067 1277 1154 1349; x_wconf 81' lang='grc' dir='ltr'><strong><em>κατά</em></strong></span> <span class='ocrx_word' id='word_1_66' title='bbox 1180 1278 1240 1351; x_wconf 82' lang='grc' dir='ltr'><strong><em>τάν</em></strong></span> 
     </span>
     <span class='ocr_line' id='line_1_11' title="bbox 177 1378 1240 1472; baseline 0.001 -16"><span class='ocrx_word' id='word_1_67' title='bbox 177 1391 336 1457; x_wconf 72' lang='grc' dir='ltr'><strong><em>κίνδυνον</em></strong></span> <span class='ocrx_word' id='word_1_68' title='bbox 369 1391 400 1452; x_wconf 85' lang='grc' dir='ltr'><strong><em>οἱ</em></strong></span> <span class='ocrx_word' id='word_1_69' title='bbox 424 1378 704 1467; x_wconf 88' lang='grc' dir='ltr'><strong><em>Λακεδαιμόνιοι.</em></strong></span> <span class='ocrx_word' id='word_1_70' title='bbox 755 1388 815 1452; x_wconf 86' lang='lat' dir='ltr'><strong><em>Pro</em></strong></span> <span class='ocrx_word' id='word_1_71' title='bbox 848 1380 1021 1466; x_wconf 84' lang='grc' dir='ltr'><strong><em>δι’ναιντσ,</em></strong></span> <span class='ocrx_word' id='word_1_72' title='bbox 1055 1390 1138 1472; x_wconf 87' lang='lat' dir='ltr'>quod</span> <span class='ocrx_word' id='word_1_73' title='bbox 1169 1392 1240 1457; x_wconf 86' lang='lat' dir='ltr'>ferri</span> 
     </span>
     <span class='ocr_line' id='line_1_12' title="bbox 177 1483 1239 1580; baseline 0.003 -20"><span class='ocrx_word' id='word_1_74' title='bbox 177 1497 293 1580; x_wconf 79' lang='lat' dir='ltr'>nequit,</span> <span class='ocrx_word' id='word_1_75' title='bbox 315 1491 488 1559; x_wconf 83' lang='lat' dir='ltr'>Dinderfiue</span> <span class='ocrx_word' id='word_1_76' title='bbox 511 1483 674 1557; x_wconf 76' lang='grc' dir='ltr'><strong><em>ἐδύναντο</em></strong></span> <span class='ocrx_word' id='word_1_77' title='bbox 698 1495 808 1575; x_wconf 78' lang='lat' dir='ltr'><strong>posuit.</strong></span> <span class='ocrx_word' id='word_1_78' title='bbox 842 1493 902 1558; x_wconf 88' lang='lat' dir='ltr'><strong><em>Sed</em></strong></span> <span class='ocrx_word' id='word_1_79' title='bbox 923 1493 1059 1559; x_wconf 75' lang='lat' dir='ltr'>debebat</span> <span class='ocrx_word' id='word_1_80' title='bbox 1081 1497 1239 1579; x_wconf 84' lang='lat' dir='ltr'>(queniam</span> 
     </span>
     <span class='ocr_line' id='line_1_13' title="bbox 177 1593 1239 1685; baseline 0.001 -17"><span class='ocrx_word' id='word_1_81' title='bbox 177 1601 358 1685; x_wconf 83' lang='lat' dir='ltr'>exprimitur</span> <span class='ocrx_word' id='word_1_82' title='bbox 371 1596 510 1682; x_wconf 83' lang='lat' dir='ltr'>Agesilai</span> <span class='ocrx_word' id='word_1_83' title='bbox 530 1597 734 1675; x_wconf 83' lang='lat' dir='ltr'>ratiocinatio)</span> <span class='ocrx_word' id='word_1_84' title='bbox 759 1618 843 1664; x_wconf 82' lang='lat' dir='ltr'>esse:</span> <span class='ocrx_word' id='word_1_85' title='bbox 866 1593 1038 1665; x_wconf 75' lang='grc' dir='ltr'><strong><em>δύνασθαι</em></strong></span> <span class='ocrx_word' id='word_1_86' title='bbox 1062 1648 1070 1664; x_wconf 84' lang='grc'><strong>.</strong></span> <span class='ocrx_word' id='word_1_87' title='bbox 1097 1648 1104 1663; x_wconf 90' lang='grc'><strong>.</strong></span> <span class='ocrx_word' id='word_1_88' title='bbox 1130 1598 1239 1676; x_wconf 77' lang='grc' dir='ltr'><strong><em>,τούς</em></strong></span> 
     </span>
     <span class='ocr_line' id='line_1_14' title="bbox 177 1702 1238 1791; baseline -0.003 -15"><span class='ocrx_word' id='word_1_89' title='bbox 177 1703 475 1791; x_wconf 83' lang='grc' dir='ltr'><strong><em>Λακεδαιμονίους</em></strong></span> <span class='ocrx_word' id='word_1_90' title='bbox 502 1703 535 1767; x_wconf 84' lang='lat' dir='ltr'><strong><em>et</em></strong></span> <span class='ocrx_word' id='word_1_91' title='bbox 555 1703 648 1768; x_wconf 86' lang='lat' dir='ltr'>simul</span> <span class='ocrx_word' id='word_1_92' title='bbox 669 1704 771 1768; x_wconf 83' lang='lat' dir='ltr'>omitti</span> <span class='ocrx_word' id='word_1_93' title='bbox 792 1702 845 1770; x_wconf 75' lang='lat' dir='ltr'><strong><em>dc.</em></strong></span> <span class='ocrx_word' id='word_1_94' title='bbox 886 1704 969 1771; x_wconf 84' lang='lat' dir='ltr'>Num</span> <span class='ocrx_word' id='word_1_95' title='bbox 991 1707 1175 1791; x_wconf 71' lang='lat' dir='ltr'>cruciemur</span> <span class='ocrx_word' id='word_1_96' title='bbox 1198 1707 1238 1775; x_wconf 84' lang='grc' dir='ltr'><strong><em>ἄν</em></strong></span> 
     </span>
     <span class='ocr_line' id='line_1_15' title="bbox 176 1803 1239 1893; baseline 0.004 -15"><span class='ocrx_word' id='word_1_97' title='bbox 176 1813 301 1890; x_wconf 84' lang='lat' dir='ltr'>dicitur,</span> <span class='ocrx_word' id='word_1_98' title='bbox 324 1810 379 1876; x_wconf 86' lang='lat' dir='ltr'><strong><em>sed</em></strong></span> <span class='ocrx_word' id='word_1_99' title='bbox 401 1803 576 1893; x_wconf 78' lang='grc' dir='ltr'><strong><em>ἐδυνάμην</em></strong></span> <span class='ocrx_word' id='word_1_100' title='bbox 603 1823 757 1875; x_wconf 82' lang='grc' dir='ltr'><strong><em>πταῖσαι.</em></strong></span> <span class='ocrx_word' id='word_1_101' title='bbox 810 1810 1011 1876; x_wconf 72' lang='lat' dir='ltr'>scribendum</span> <span class='ocrx_word' id='word_1_102' title='bbox 1031 1814 1164 1880; x_wconf 71' lang='lat' dir='ltr'>sublatis</span> <span class='ocrx_word' id='word_1_103' title='bbox 1186 1816 1239 1882; x_wconf 76' lang='lat' dir='ltr'><strong><em>ad·</em></strong></span> 
     </span>
     <span class='ocr_line' id='line_1_16' title="bbox 176 1910 1238 2008; baseline 0.003 -23"><span class='ocrx_word' id='word_1_104' title='bbox 176 1918 373 1985; x_wconf 76' lang='lat' dir='ltr'>dumentis:</span> <span class='ocrx_word' id='word_1_105' title='bbox 409 1911 448 1982; x_wconf 81' lang='grc' dir='ltr'><strong><em>τά</em></strong></span> <span class='ocrx_word' id='word_1_106' title='bbox 473 1911 605 1991; x_wconf 78' lang='grc' dir='ltr'><strong><em>δεινόν,</em></strong></span> <span class='ocrx_word' id='word_1_107' title='bbox 639 1911 786 1989; x_wconf 76' lang='grc' dir='ltr'><strong><em>ἴσωςάν</em></strong></span> <span class='ocrx_word' id='word_1_108' title='bbox 808 1910 862 1981; x_wconf 86' lang='grc' dir='ltr'><strong><em>διά</em></strong></span> <span class='ocrx_word' id='word_1_109' title='bbox 885 1911 923 1982; x_wconf 84' lang='grc' dir='ltr'><strong><em>τά</em></strong></span> <span class='ocrx_word' id='word_1_110' title='bbox 946 1911 1148 2006; x_wconf 85' lang='grc' dir='ltr'><strong><em>παράλογον</em></strong></span> <span class='ocrx_word' id='word_1_111' title='bbox 1180 1924 1238 2008; x_wconf 77' lang='grc' dir='ltr'><strong><em>τῆς</em></strong></span> 
     </span>
     <span class='ocr_line' id='line_1_17' title="bbox 177 2016 1238 2110; baseline 0.005 -19"><span class='ocrx_word' id='word_1_112' title='bbox 177 2024 278 2110; x_wconf 78' lang='grc' dir='ltr'><strong><em>τύχης</em></strong></span> <span class='ocrx_word' id='word_1_113' title='bbox 301 2026 355 2088; x_wconf 88' lang='grc' dir='ltr'><strong><em>καὶ</em></strong></span> <span class='ocrx_word' id='word_1_114' title='bbox 378 2037 519 2088; x_wconf 83' lang='grc' dir='ltr'><strong><em>πταῖσαι</em></strong></span> <span class='ocrx_word' id='word_1_115' title='bbox 543 2016 628 2088; x_wconf 82' lang='grc' dir='ltr'><strong><em>κατά</em></strong></span> <span class='ocrx_word' id='word_1_116' title='bbox 657 2017 719 2088; x_wconf 84' lang='grc' dir='ltr'><strong><em>τάν</em></strong></span> <span class='ocrx_word' id='word_1_117' title='bbox 744 2021 912 2089; x_wconf 78' lang='grc' dir='ltr'><strong><em>κίνδυνον.</em></strong></span> <span class='ocrx_word' id='word_1_118' title='bbox 955 2024 1027 2091; x_wconf 85' lang='lat' dir='ltr'><strong><em>Non</em></strong></span> <span class='ocrx_word' id='word_1_119' title='bbox 1047 2027 1238 2095; x_wconf 80' lang='lat' dir='ltr'>intellectum</span> 
     </span>
     <span class='ocr_line' id='line_1_18' title="bbox 177 2127 987 2224; baseline -0.006 -28"><span class='ocrx_word' id='word_1_120' title='bbox 177 2133 234 2210; x_wconf 83' lang='lat' dir='ltr'>est,</span> <span class='ocrx_word' id='word_1_121' title='bbox 256 2144 396 2196; x_wconf 84' lang='grc' dir='ltr'><strong><em>πταῖσαι</em></strong></span> <span class='ocrx_word' id='word_1_122' title='bbox 420 2127 464 2196; x_wconf 77' lang='grc' dir='ltr'><strong><em>ἄν</em></strong></span> <span class='ocrx_word' id='word_1_123' title='bbox 485 2130 648 2224; x_wconf 86' lang='lat' dir='ltr'>adipsum</span> <span class='ocrx_word' id='word_1_124' title='bbox 669 2128 850 2213; x_wconf 82' lang='lat' dir='ltr'>Agesilaum</span> <span class='ocrx_word' id='word_1_125' title='bbox 871 2130 987 2195; x_wconf 86' lang='lat' dir='ltr'>referri.</span> 
     </span>
    </p>

    <p class='ocr_par' dir='ltr' id='par_1_5' title="bbox 174 2229 1237 2627">
     <span class='ocr_line' id='line_1_19' title="bbox 276 2229 1235 2325; baseline 0.003 -25"><span class='ocrx_word' id='word_1_126' title='bbox 276 2236 346 2304; x_wconf 88' lang='lat' dir='ltr'>Ibd.</span> <span class='ocrx_word' id='word_1_127' title='bbox 368 2239 423 2300; x_wconf 88' lang='lat'><strong><em>41:</em></strong></span> <span class='ocrx_word' id='word_1_128' title='bbox 448 2229 628 2315; x_wconf 79' lang='grc' dir='ltr'><strong><em>α’νὲζευξαν</em></strong></span> <span class='ocrx_word' id='word_1_129' title='bbox 647 2239 679 2300; x_wconf 80' lang='grc' dir='ltr'><strong><em>ολ</em></strong></span> <span class='ocrx_word' id='word_1_130' title='bbox 701 2236 762 2300; x_wconf 76' lang='grc' dir='ltr'><strong><em>τοῦ</em></strong></span> <span class='ocrx_word' id='word_1_131' title='bbox 783 2237 951 2320; x_wconf 77' lang='grc' dir='ltr'><strong><em>βασιλέως</em></strong></span> <span class='ocrx_word' id='word_1_132' title='bbox 975 2243 1158 2325; x_wconf 74' lang='grc' dir='ltr'><strong><em>στρατηγοὶ</em></strong></span> <span class='ocrx_word' id='word_1_133' title='bbox 1182 2288 1235 2306; x_wconf 88' lang='grc'><strong><em>...</em></strong></span> 
     </span>
     <span class='ocr_line' id='line_1_20' title="bbox 174 2333 1237 2433; baseline -0.008 -24"><span class='ocrx_word' id='word_1_134' title='bbox 174 2345 229 2409; x_wconf 75' lang='grc' dir='ltr'><strong><em>καὶ</em></strong></span> <span class='ocrx_word' id='word_1_135' title='bbox 253 2345 314 2410; x_wconf 80' lang='grc' dir='ltr'><em>τοὺ</em></span> <span class='ocrx_word' id='word_1_136' title='bbox 338 2335 460 2408; x_wconf 86' lang='grc' dir='ltr'><strong><em>στόλου</em></strong></span> <span class='ocrx_word' id='word_1_137' title='bbox 483 2333 723 2425; x_wconf 77' lang='grc' dir='ltr'><strong><em>συμπαρόντος</em></strong></span> <span class='ocrx_word' id='word_1_138' title='bbox 751 2343 913 2427; x_wconf 83' lang='grc' dir='ltr'><strong><em>προῆγον</em></strong></span> <span class='ocrx_word' id='word_1_139' title='bbox 932 2344 988 2408; x_wconf 82' lang='grc' dir='ltr'><strong><em>ε’π1</em></strong></span> <span class='ocrx_word' id='word_1_140' title='bbox 1011 2339 1077 2429; x_wconf 75' lang='grc' dir='ltr'><strong><em>την</em></strong></span> <span class='ocrx_word' id='word_1_141' title='bbox 1100 2350 1237 2433; x_wconf 66' lang='grc' dir='ltr'><strong><em>Αἴγυπ.</em></strong></span> 
     </span>
     <span class='ocr_line' id='line_1_21' title="bbox 175 2443 1237 2539; baseline 0.005 -24"><span class='ocrx_word' id='word_1_142' title='bbox 175 2475 246 2515; x_wconf 89' lang='grc' dir='ltr'><strong><em>τον.</em></strong></span> <span class='ocrx_word' id='word_1_143' title='bbox 290 2449 341 2513; x_wconf 85' lang='lat' dir='ltr'><strong><em>Ad</em></strong></span> <span class='ocrx_word' id='word_1_144' title='bbox 363 2443 541 2528; x_wconf 71' lang='grc' dir='ltr'><strong><em>ἀνέζευξαν</em></strong></span> <span class='ocrx_word' id='word_1_145' title='bbox 564 2452 594 2512; x_wconf 85' lang='lat' dir='ltr'><strong><em>et</em></strong></span> <span class='ocrx_word' id='word_1_146' title='bbox 617 2448 770 2534; x_wconf 79' lang='grc' dir='ltr'><strong><em>προῆγον</em></strong></span> <span class='ocrx_word' id='word_1_147' title='bbox 797 2450 899 2531; x_wconf 83' lang='lat' dir='ltr'>aptius</span> <span class='ocrx_word' id='word_1_148' title='bbox 921 2451 979 2517; x_wconf 85' lang='lat' dir='ltr'>erit</span> <span class='ocrx_word' id='word_1_149' title='bbox 1013 2475 1237 2539; x_wconf 90' lang='grc' dir='ltr'><strong><em>συμπαρα-</em></strong></span> 
     </span>
     <span class='ocr_line' id='line_1_22' title="bbox 176 2558 390 2627; baseline -0.023 -5"><span class='ocrx_word' id='word_1_150' title='bbox 176 2558 390 2627; x_wconf 77' lang='grc' dir='ltr'><strong><em>πλέοντος.</em></strong></span> 
     </span>
    </p>

    <p class='ocr_par' dir='ltr' id='par_1_6' title="bbox 176 2658 1239 3379">
     <span class='ocr_line' id='line_1_23' title="bbox 242 2658 1238 2747; baseline 0.006 -20"><span class='ocrx_word' id='word_1_151' title='bbox 242 2720 245 2727; x_wconf 91' lang='grc'>.</span> <span class='ocrx_word' id='word_1_152' title='bbox 278 2658 421 2726; x_wconf 69' lang='grc'><strong>1111149.</strong></span> <span class='ocrx_word' id='word_1_153' title='bbox 473 2660 649 2725; x_wconf 84' lang='lat' dir='ltr'>Ridiculum</span> <span class='ocrx_word' id='word_1_154' title='bbox 685 2662 748 2736; x_wconf 84' lang='lat' dir='ltr'>est,</span> <span class='ocrx_word' id='word_1_155' title='bbox 787 2660 916 2725; x_wconf 80' lang='lat' dir='ltr'>Helicen</span> <span class='ocrx_word' id='word_1_156' title='bbox 945 2662 1020 2726; x_wconf 92' lang='lat' dir='ltr'>clim</span> <span class='ocrx_word' id='word_1_157' title='bbox 1054 2667 1238 2747; x_wconf 83' lang='lat' dir='ltr'>appellatam</span> 
     </span>
     <span class='ocr_line' id='line_1_24' title="bbox 176 2757 1239 2850; baseline 0.007 -19"><span class='ocrx_word' id='word_1_158' title='bbox 176 2785 243 2831; x_wconf 89' lang='lat' dir='ltr'>esse</span> <span class='ocrx_word' id='word_1_159' title='bbox 265 2771 340 2844; x_wconf 82' lang='lat' dir='ltr'>(neu</span> <span class='ocrx_word' id='word_1_160' title='bbox 360 2763 513 2842; x_wconf 79' lang='lat' dir='ltr'>Ionicum,</span> <span class='ocrx_word' id='word_1_161' title='bbox 544 2765 609 2843; x_wconf 84' lang='lat' dir='ltr'>sed)</span> <span class='ocrx_word' id='word_1_162' title='bbox 638 2763 769 2842; x_wconf 84' lang='lat' dir='ltr'>Icuiem,</span> <span class='ocrx_word' id='word_1_163' title='bbox 804 2785 883 2831; x_wconf 90' lang='lat' dir='ltr'>nuuc</span> <span class='ocrx_word' id='word_1_164' title='bbox 907 2768 1056 2850; x_wconf 83' lang='lat' dir='ltr'>appellari</span> <span class='ocrx_word' id='word_1_165' title='bbox 1077 2757 1239 2838; x_wconf 84' lang='lat' dir='ltr'>Achaiam.</span> 
     </span>
     <span class='ocr_line' id='line_1_25' title="bbox 177 2856 1239 2963; baseline 0.008 -27"><span class='ocrx_word' id='word_1_166' title='bbox 177 2871 379 2937; x_wconf 86' lang='lat' dir='ltr'>Seribeudum</span> <span class='ocrx_word' id='word_1_167' title='bbox 403 2874 468 2936; x_wconf 85' lang='lat' dir='ltr'>est:</span> <span class='ocrx_word' id='word_1_168' title='bbox 501 2877 533 2947; x_wconf 80' lang='grc' dir='ltr'><strong><em>ἐξ</em></strong></span> <span class='ocrx_word' id='word_1_169' title='bbox 554 2867 692 2956; x_wconf 77' lang='grc' dir='ltr'><strong><em>Ἑλίκης</em></strong></span> <span class='ocrx_word' id='word_1_170' title='bbox 709 2873 771 2957; x_wconf 79' lang='grc' dir='ltr'><strong><em>τῆς</em></strong></span> <span class='ocrx_word' id='word_1_171' title='bbox 793 2877 829 2936; x_wconf 80' lang='grc' dir='ltr'><strong><em>ἐν</em></strong></span> <span class='ocrx_word' id='word_1_172' title='bbox 855 2873 902 2960; x_wconf 80' lang='grc' dir='ltr'><strong><em>τῇ</em></strong></span> <span class='ocrx_word' id='word_1_173' title='bbox 923 2866 1000 2939; x_wconf 85' lang='grc' dir='ltr'><strong><em>τότε</em></strong></span> <span class='ocrx_word' id='word_1_174' title='bbox 1026 2856 1110 2959; x_wconf 79' lang='lat' dir='ltr'>(prcz</span> <span class='ocrx_word' id='word_1_175' title='bbox 1139 2884 1177 2943; x_wconf 77' lang='grc' dir='ltr'><strong><em>ἐν</em></strong></span> <span class='ocrx_word' id='word_1_176' title='bbox 1197 2877 1239 2963; x_wconf 76' lang='grc' dir='ltr'><strong><em>τῷ</em></strong></span> 
     </span>
     <span class='ocr_line' id='line_1_26' title="bbox 177 2971 1238 3071; baseline 0.006 -29"><span class='ocrx_word' id='word_1_177' title='bbox 177 2971 268 3054; x_wconf 83' lang='grc' dir='ltr'><strong><em>τότε)</em></strong></span> <span class='ocrx_word' id='word_1_178' title='bbox 290 2985 356 3061; x_wconf 77' lang='grc' dir='ltr'><strong><em>μλν</em></strong></span> <span class='ocrx_word' id='word_1_179' title='bbox 377 2971 533 3063; x_wconf 76' lang='grc' dir='ltr'><strong><em>Ἰωνίᾳ,</em></strong></span> <span class='ocrx_word' id='word_1_180' title='bbox 567 2980 631 3045; x_wconf 71' lang='grc' dir='ltr'><strong><em>νίν</em></strong></span> <span class='ocrx_word' id='word_1_181' title='bbox 654 2981 686 3046; x_wconf 76' lang='grc' dir='ltr'><strong><em>δὲ</em></strong></span> <span class='ocrx_word' id='word_1_182' title='bbox 710 2972 857 3064; x_wconf 76' lang='grc' dir='ltr'><strong><em>Ἀχαίᾳ</em></strong></span> <span class='ocrx_word' id='word_1_183' title='bbox 885 2983 1125 3071; x_wconf 83' lang='grc' dir='ltr'><strong><em>καλουμένη</em></strong></span> <span class='ocrx_word' id='word_1_184' title='bbox 1159 2991 1238 3069; x_wconf 79' lang='lat' dir='ltr'>(pret</span> 
     </span>
     <span class='ocr_line' id='line_1_27' title="bbox 177 3077 1239 3170; baseline 0.008 -21"><span class='ocrx_word' id='word_1_185' title='bbox 177 3078 311 3156; x_wconf 77' lang='grc' dir='ltr'><strong><em>Ἰωνίας</em></strong></span> <span class='ocrx_word' id='word_1_186' title='bbox 335 3131 341 3144; x_wconf 83' lang='grc'><strong>.</strong></span> <span class='ocrx_word' id='word_1_187' title='bbox 369 3132 375 3145; x_wconf 91' lang='grc'><strong>.</strong></span> <span class='ocrx_word' id='word_1_188' title='bbox 398 3133 405 3147; x_wconf 92' lang='grc'><strong>.</strong></span> <span class='ocrx_word' id='word_1_189' title='bbox 427 3077 570 3169; x_wconf 80' lang='grc' dir='ltr'><strong><em>Ἀχαίας</em></strong></span> <span class='ocrx_word' id='word_1_190' title='bbox 593 3088 824 3170; x_wconf 79' lang='grc' dir='ltr'><strong><em>καλουμένης).</em></strong></span> <span class='ocrx_word' id='word_1_191' title='bbox 862 3087 1002 3152; x_wconf 81' lang='lat' dir='ltr'>Haeserat</span> <span class='ocrx_word' id='word_1_192' title='bbox 1022 3089 1086 3154; x_wconf 82' lang='lat' dir='ltr'><strong><em>iam</em></strong></span> <span class='ocrx_word' id='word_1_193' title='bbox 1107 3090 1149 3154; x_wconf 89' lang='lat' dir='ltr'><strong><em>H.</em></strong></span> <span class='ocrx_word' id='word_1_194' title='bbox 1173 3091 1239 3157; x_wconf 79' lang='lat' dir='ltr'>Ste-</span> 
     </span>
     <span class='ocr_line' id='line_1_28' title="bbox 179 3191 1239 3280; baseline 0.003 -25"><span class='ocrx_word' id='word_1_195' title='bbox 179 3192 307 3274; x_wconf 86' lang='lat' dir='ltr'>phenus.</span> <span class='ocrx_word' id='word_1_196' title='bbox 336 3191 409 3270; x_wconf 80' lang='lat' dir='ltr'>(Cfr.</span> <span class='ocrx_word' id='word_1_197' title='bbox 432 3193 525 3268; x_wconf 75' lang='grc'><strong>(153,</strong></span> <span class='ocrx_word' id='word_1_198' title='bbox 548 3192 631 3269; x_wconf 80' lang='lat' dir='ltr'>XIV,</span> <span class='ocrx_word' id='word_1_199' title='bbox 658 3192 730 3267; x_wconf 75' lang='lat'><em>1163</em></span> <span class='ocrx_word' id='word_1_200' title='bbox 752 3211 845 3275; x_wconf 84' lang='lat' dir='ltr'>supra</span> <span class='ocrx_word' id='word_1_201' title='bbox 866 3212 895 3274; x_wconf 89' lang='lat' dir='ltr'><strong><em>p.</em></strong></span> <span class='ocrx_word' id='word_1_202' title='bbox 919 3194 958 3255; x_wconf 83' lang='grc'><strong><em>67</em></strong></span> <span class='ocrx_word' id='word_1_203' title='bbox 980 3212 1021 3267; x_wconf 87' lang='grc'><strong>1.,</strong></span> <span class='ocrx_word' id='word_1_204' title='bbox 1043 3194 1082 3258; x_wconf 85' lang='lat' dir='ltr'><strong><em>ed</em></strong></span> <span class='ocrx_word' id='word_1_205' title='bbox 1104 3195 1239 3280; x_wconf 75' lang='lat' dir='ltr'>Thucyd.</span> 
     </span>
     <span class='ocr_line' id='line_1_29' title="bbox 179 3293 446 3379; baseline 0 -22"><span class='ocrx_word' id='word_1_206' title='bbox 179 3293 225 3374; x_wconf 77' lang='lat'><strong><em>11,</em></strong></span> <span class='ocrx_word' id='word_1_207' title='bbox 248 3297 288 3359; x_wconf 88' lang='grc'><strong><em>83</em></strong></span> <span class='ocrx_word' id='word_1_208' title='bbox 311 3318 341 3379; x_wconf 88' lang='lat' dir='ltr'><strong><em>p.</em></strong></span> <span class='ocrx_word' id='word_1_209' title='bbox 363 3298 446 3373; x_wconf 77' lang='lat'>312.)</span> 
     </span>
    </p>

    <p class='ocr_par' dir='ltr' id='par_1_7' title="bbox 178 3397 1245 4127">
     <span class='ocr_line' id='line_1_30' title="bbox 281 3397 1242 3493; baseline 0.01 -30"><span class='ocrx_word' id='word_1_210' title='bbox 281 3401 348 3466; x_wconf 85' lang='lat' dir='ltr'>Ibd.</span> <span class='ocrx_word' id='word_1_211' title='bbox 372 3402 429 3462; x_wconf 81' lang='lat'><strong><em>50:</em></strong></span> <span class='ocrx_word' id='word_1_212' title='bbox 456 3397 571 3467; x_wconf 87' lang='grc' dir='ltr'><strong><em>Ἔνιοι</em></strong></span> <span class='ocrx_word' id='word_1_213' title='bbox 598 3402 631 3467; x_wconf 77' lang='grc' dir='ltr'><strong><em>δὲ</em></strong></span> <span class='ocrx_word' id='word_1_214' title='bbox 663 3403 903 3484; x_wconf 66' lang='lat' dir='ltr'>cccccccccc</span> <span class='ocrx_word' id='word_1_215' title='bbox 924 3399 988 3487; x_wconf 75' lang='grc' dir='ltr'><strong><em>την</em></strong></span> <span class='ocrx_word' id='word_1_216' title='bbox 1017 3408 1149 3490; x_wconf 81' lang='grc' dir='ltr'><strong><em>γένεσιν</em></strong></span> <span class='ocrx_word' id='word_1_217' title='bbox 1183 3410 1242 3493; x_wconf 81' lang='grc' dir='ltr'><strong><em>τῆς</em></strong></span> 
     </span>
     <span class='ocr_line' id='line_1_31' title="bbox 181 3501 1241 3596; baseline 0.004 -24"><span class='ocrx_word' id='word_1_218' title='bbox 181 3501 363 3591; x_wconf 73' lang='grc' dir='ltr'><strong><em>λαμπάδος</em></strong></span> <span class='ocrx_word' id='word_1_219' title='bbox 386 3512 435 3578; x_wconf 80' lang='grc' dir='ltr'><strong><em>εἰς</em></strong></span> <span class='ocrx_word' id='word_1_220' title='bbox 457 3501 601 3591; x_wconf 84' lang='grc' dir='ltr'><strong><em>φυσικάς</em></strong></span> <span class='ocrx_word' id='word_1_221' title='bbox 624 3508 735 3579; x_wconf 76' lang='grc' dir='ltr'><strong><em>αἰτίας</em></strong></span> <span class='ocrx_word' id='word_1_222' title='bbox 758 3501 937 3593; x_wconf 79' lang='grc' dir='ltr'><strong><em>α’νὲηερον,</em></strong></span> <span class='ocrx_word' id='word_1_223' title='bbox 966 3504 1241 3596; x_wconf 83' lang='grc' dir='ltr'><strong><em>α’ποφαινόμενοι</em></strong></span> 
     </span>
     <span class='ocr_line' id='line_1_32' title="bbox 258 3607 1242 3706; baseline 0.009 -32.257"><span class='ocrx_word' id='word_1_224' title='bbox 258 3607 513 3699; x_wconf 76' lang='grc' dir='ltr'><strong><em>ἐπιτυγχάνειν·</em></strong></span> <span class='ocrx_word' id='word_1_225' title='bbox 536 3607 616 3684; x_wconf 82' lang='grc' dir='ltr'><strong><em>τσάς</em></strong></span> <span class='ocrx_word' id='word_1_226' title='bbox 639 3613 673 3678; x_wconf 78' lang='grc' dir='ltr'><strong><em>δὲ</em></strong></span> <span class='ocrx_word' id='word_1_227' title='bbox 694 3609 744 3697; x_wconf 74' lang='grc' dir='ltr'><strong><em>μή</em></strong></span> <span class='ocrx_word' id='word_1_228' title='bbox 769 3607 976 3696; x_wconf 72' lang='grc' dir='ltr'><strong><em>θαυμάζειν,</em></strong></span> <span class='ocrx_word' id='word_1_229' title='bbox 1000 3613 1085 3683; x_wconf 87' lang='grc' dir='ltr'><strong><em>ὅταν</em></strong></span> <span class='ocrx_word' id='word_1_230' title='bbox 1105 3621 1242 3706; x_wconf 76' lang='grc' dir='ltr'><strong><em>γένηταί</em></strong></span> 
     </span>
     <span class='ocr_line' id='line_1_33' title="bbox 178 3713 1242 3804; baseline 0.007 -23"><span class='ocrx_word' id='word_1_231' title='bbox 178 3743 212 3781; x_wconf 93' lang='grc' dir='ltr'><strong><em>τι</em></strong></span> <span class='ocrx_word' id='word_1_232' title='bbox 241 3720 416 3794; x_wconf 78' lang='grc' dir='ltr'><strong><em>τοιοῦτον,</em></strong></span> <span class='ocrx_word' id='word_1_233' title='bbox 440 3713 512 3785; x_wconf 71' lang='grc' dir='ltr'><strong><em>ἄλλ’</em></strong></span> <span class='ocrx_word' id='word_1_234' title='bbox 534 3716 594 3783; x_wconf 77' lang='grc' dir='ltr'><strong><em>ἐάν</em></strong></span> <span class='ocrx_word' id='word_1_235' title='bbox 616 3714 666 3803; x_wconf 80' lang='grc' dir='ltr'><strong><em>μη</em></strong></span> <span class='ocrx_word' id='word_1_236' title='bbox 689 3724 824 3804; x_wconf 73' lang='grc' dir='ltr'><strong><em>γένηται</em></strong></span> <span class='ocrx_word' id='word_1_237' title='bbox 849 3747 876 3785; x_wconf 88' lang='grc' dir='ltr'><strong><em>κ.</em></strong></span> <span class='ocrx_word' id='word_1_238' title='bbox 900 3747 928 3783; x_wconf 90' lang='grc' dir='ltr'><strong><em>τ.</em></strong></span> <span class='ocrx_word' id='word_1_239' title='bbox 953 3723 981 3786; x_wconf 86' lang='grc' dir='ltr'><strong><em>λ.</em></strong></span> <span class='ocrx_word' id='word_1_240' title='bbox 1027 3723 1242 3791; x_wconf 72' lang='lat' dir='ltr'>scribendum:</span> 
     </span>
     <span class='ocr_line' id='line_1_34' title="bbox 179 3819 1242 3911; baseline 0.005 -25"><span class='ocrx_word' id='word_1_241' title='bbox 179 3819 283 3888; x_wconf 77' lang='grc' dir='ltr'><strong><em>ὥστε</em></strong></span> <span class='ocrx_word' id='word_1_242' title='bbox 307 3832 373 3908; x_wconf 87' lang='lat' dir='ltr'>(pru</span> <span class='ocrx_word' id='word_1_243' title='bbox 389 3820 469 3898; x_wconf 75' lang='grc' dir='ltr'><strong><em>τους</em></strong></span> <span class='ocrx_word' id='word_1_244' title='bbox 495 3825 541 3904; x_wconf 70' lang='grc' dir='ltr'><strong><em>δὲ)</em></strong></span> <span class='ocrx_word' id='word_1_245' title='bbox 564 3821 614 3909; x_wconf 79' lang='grc' dir='ltr'><strong><em>μη</em></strong></span> <span class='ocrx_word' id='word_1_246' title='bbox 638 3819 847 3910; x_wconf 77' lang='grc' dir='ltr'><strong><em>θαυμάζειν,</em></strong></span> <span class='ocrx_word' id='word_1_247' title='bbox 869 3828 970 3911; x_wconf 75' lang='lat' dir='ltr'>itaque</span> <span class='ocrx_word' id='word_1_248' title='bbox 991 3850 1022 3890; x_wconf 82' lang='lat' dir='ltr'><strong><em>ee</em></strong></span> <span class='ocrx_word' id='word_1_249' title='bbox 1042 3851 1104 3892; x_wconf 85' lang='grc' dir='ltr'><strong><em>υσπ</em></strong></span> <span class='ocrx_word' id='word_1_250' title='bbox 1124 3831 1242 3893; x_wconf 73' lang='lat' dir='ltr'>mirari.</span> 
     </span>
     <span class='ocr_line' id='line_1_35' title="bbox 181 3929 1245 4021; baseline 0.009 -29"><span class='ocrx_word' id='word_1_251' title='bbox 181 3929 278 3995; x_wconf 83' lang='lat' dir='ltr'>Paulo</span> <span class='ocrx_word' id='word_1_252' title='bbox 297 3934 369 4012; x_wconf 84' lang='lat' dir='ltr'>poet</span> <span class='ocrx_word' id='word_1_253' title='bbox 388 3932 419 3996; x_wconf 90' lang='lat' dir='ltr'><strong><em>in</em></strong></span> <span class='ocrx_word' id='word_1_254' title='bbox 444 3952 480 3997; x_wconf 85' lang='lat' dir='ltr'><strong><em>ee</em></strong></span> <span class='ocrx_word' id='word_1_255' title='bbox 504 3934 670 4011; x_wconf 82' lang='lat' dir='ltr'>sententie,</span> <span class='ocrx_word' id='word_1_256' title='bbox 695 3953 761 4015; x_wconf 85' lang='lat' dir='ltr'>quae</span> <span class='ocrx_word' id='word_1_257' title='bbox 783 3933 891 4016; x_wconf 91' lang='lat' dir='ltr'>incipit</span> <span class='ocrx_word' id='word_1_258' title='bbox 912 3934 950 3997; x_wconf 84' lang='lat' dir='ltr'><strong><em>ab</em></strong></span> <span class='ocrx_word' id='word_1_259' title='bbox 972 3934 1020 3998; x_wconf 86' lang='lat' dir='ltr'><strong><em>his</em></strong></span> <span class='ocrx_word' id='word_1_260' title='bbox 1040 3935 1158 4002; x_wconf 84' lang='lat' dir='ltr'>verbis:</span> <span class='ocrx_word' id='word_1_261' title='bbox 1181 3931 1245 4021; x_wconf 76' lang='grc' dir='ltr'><strong><em>την</em></strong></span> 
     </span>
     <span class='ocr_line' id='line_1_36' title="bbox 179 4025 1244 4127; baseline 0.008 -27"><span class='ocrx_word' id='word_1_262' title='bbox 179 4027 208 4101; x_wconf 83' lang='grc' dir='ltr'><strong><em>δ’</em></strong></span> <span class='ocrx_word' id='word_1_263' title='bbox 230 4025 292 4100; x_wconf 75' lang='grc' dir='ltr'><strong><em>οὖν</em></strong></span> <span class='ocrx_word' id='word_1_264' title='bbox 314 4034 490 4120; x_wconf 81' lang='grc' dir='ltr'><strong><em>λαμπάδα,</em></strong></span> <span class='ocrx_word' id='word_1_265' title='bbox 514 4039 632 4105; x_wconf 82' lang='lat' dir='ltr'>excidit</span> <span class='ocrx_word' id='word_1_266' title='bbox 654 4041 737 4124; x_wconf 85' lang='grc' dir='ltr'><strong><em>φασί</em></strong></span> <span class='ocrx_word' id='word_1_267' title='bbox 760 4041 813 4104; x_wconf 84' lang='lat' dir='ltr'>aut</span> <span class='ocrx_word' id='word_1_268' title='bbox 834 4039 935 4105; x_wconf 81' lang='lat' dir='ltr'>simile</span> <span class='ocrx_word' id='word_1_269' title='bbox 957 4041 1096 4106; x_wconf 88' lang='lat' dir='ltr'>verbum.</span> <span class='ocrx_word' id='word_1_270' title='bbox 1136 4043 1244 4127; x_wconf 90' lang='lat' dir='ltr'>Neque</span> 
     </span>
    </p>
   </div>
   <div class='ocr_carea' id='block_1_3' title="bbox 0 0 1297 4530">
    <p class='ocr_par' dir='ltr' id='par_1_8' title="bbox 0 0 1297 4530">
     <span class='ocr_line' id='line_1_37' title="bbox 0 0 1297 4530; baseline 0 0"><span class='ocrx_word' id='word_1_271' title='bbox 0 0 1297 4530; x_wconf 95' lang='lat' dir='ltr'><strong><em> </em></strong></span> 
     </span>
    </p>
   </div>
  </div>
 </body>
</html>
