2580 4530
202 269 244 332 80
645 271 705 326 tib.
723 271 745 324 1.

160 467 260 532 scriba
289 467 437 544 vocabuli,
471 467 549 550 quod
582 467 629 533 ast
667 468 932 561 propositum,
966 444 1240 563 usum-affl

160 573 387 641 substantivum
417 572 617 653 desideravit,
639 591 694 655 pro
728 572 852 638 maius
878 573 1028 657 scriptum
1049 573 1100 650 abt
1121 560 1227 640 trieris-

158 679 321 760 lusumque
351 679 383 741 in
419 679 534 743 ceteros
564 670 672 744 'omnes
706 679 826 744 codices
859 698 1011 756 munns;
1047 680 1157 745 deinde
1193 682 1229 745 et

160 785 220 850 aha
246 786 319 848 nata
348 786 379 848 et
399 785 572 848 monstrum
599 784 691 862 illud,
724 785 804 868 quod
825 785 992 850 Merldelius
1013 783 1132 869 posuit:
1170 786 1229 851 in-

160 891 310 956 struxit
336 891 525 966 remorari
546 878 711 956 Tartara
732 906 878 958 munus.
962 934 964 938 »
1223 952 1229 966 ,

182 991 184 995 ’
243 996 449 1079 Itaque-haec,
464 996 597 1089 utsdixi,
619 997 651 1059 in
674 996 806 1078 antiquis
828 997 997 1077 codicibm,
1019 998 1047 1063 si
1067 1019 1227 1064 summam

160 1104 291 1186 spectes,
313 1121 383 1166 rara
404 1103 475 1167 sunt
497 1103 540 1179 (in
552 1102 767 1169 nonnullorum
778 1102 881 1166 tamon
902 1103 1097 1184 scriptorum
1109 1105 1229 1170 alicu.

160 1209 227 1285 bus,
239 1211 275 1273 ut
286 1208 446 1273 Plutarchi
461 1208 493 1271 et
504 1208 639 1295 Senecae,
649 1209 762 1286 minus)
784 1210 976 1295 maximeque
996 1191 1088 1280 iniis
1110 1212 1230 1280 menda.

161 1315 312 1386 scribendi
327 1334 427 1379 errore
449 1315 516 1378 orta
538 1315 591 1393 aut
612 1312 680 1395 ipsa
700 1312 810 1377 relicta
831 1314 905 1378 sunt
926 1317 979 1380 aut
999 1316 1045 1380 ita
1064 1317 1156 1382 rudis-
1168 1318 1229 1383 ad·-

161 1418 259 1482 hibita
287 1420 448 1494 correctio,
482 1419 518 1482 ut
547 1419 602 1482 aut
630 1417 718 1482 facile
739 1419 838 1501 prima
855 1420 986 1507 vestigia
1006 1404 1146 1487 invenias
1169 1426 1230 1488 aut

163 1525 275 1589 saltem
299 1525 398 1607 specie
421 1524 641 1589 sanitatisnon
661 1523 787 1588 ludaris.
835 1523 956 1590 Sensim
979 1526 1087 1600 deinde
1108 1528 1228 1609 perin=

161 1628 270 1695 feriore
290 1626 394 1697 secula
415 1629 622 1715 interpolandi
641 1629 769 1694 licentia
790 1631 897 1708 oravit,
922 1646 993 1713 quae·
1012 1635 1043 1699 et
1062 1633 1167 1715 plura,
1191 1635 1224 1698 in

162 1738 271 1819 quibus
297 1738 479 1813 haereratur,
512 1732 692 1802 attrectaret
719 1738 755 1801 et.
778 1737 908 1800 maxime
929 1736 961 1799 in
983 1737 1103 1803 mendis
1129 1740 1224 1804 corri-

161 1843 269 1927 gendis
299 1863 317 1909 a
348 1844 455 1926 primis
488 1842 627 1926 vestigiis
659 1841 781 1926 longius
814 1840 996 1918 discederet,
1016 1843 1175 1909 illiciente·
1192 1850 1224 1912 et

162 1950 264 2015 alente
286 1950 460 2021 libertatern
480 1950 513 2014 in
534 1949 654 2014 Latinis
678 1950 753 2031 ipso,
776 1948 854 2030 quod
875 1948 1109 2027 renascebatur,
1137 1953 1226 2043 vete-

26 2078 27 2082 *
59 2044 62 2049 ’
161 2076 230 2120 rum
265 2056 380 2139 scripta
403 2057 525 2139 legendi
555 2056 586 2120 et
607 2055 768 2120 enarrandi
794 2053 910 2130 studio;
942 2054 973 2117 in
996 2054 1126 2133 Graecis,
1155 2076 1225 2144 quae

160 2162 225 2226 ianr
246 2163 337 2226 antea
358 2161 553 2245 grammatici
576 2161 738 2244 Byzantini
759 2161 825 2225 ausi
847 2162 951 2238 erant,
982 2160 1151 2255 propagata
1171 2180 1223 2225 ax-

162 2267 262 2330 trema
284 2268 375 2332 aetate
401 2267 440 2331 ad
461 2268 564 2347 plures
587 2267 751 2349 scriptores
774 2267 855 2343 sunt,
877 2265 997 2330 eumad
1019 2266 1114 2330 Italos
1129 2266 1225 2330 alios-

163 2390 221 2453 que
252 2371 426 2436 Greecorum
453 2372 600 2436 librorum
628 2371 779 2453 cupiditas
802 2372 953 2436 translata
967 2374 1067 2437 esset.
1115 2372 1222 2455 Itaque

164 2477 195 2539 et
222 2477 335 2540 multos
359 2472 499 2559 antiquos
521 2478 715 2560 optimosque
736 2475 854 2567 cedices
876 2476 973 2541 altera
997 2497 1108 2542 manus
1132 2478 1223 2562 longe

160 2582 309 2646 recentior
340 2583 447 2646 multis
477 2582 553 2648 locis
581 2582 777 2664 interpolavit
794 2570 905 2664 'prima
927 2583 1083 2664 scripturae
1106 2603 1223 2655 corree-

161 2691 245 2756 tione
272 2708 367 2771 prava
390 2688 594 2772 superposita,
627 2690 659 2752 et
681 2708 717 2752 er
734 2672 891 2753 codicibus
913 2689 952 2752 ab
974 2690 1082 2771 aliquo·
1097 2690 1222 2755 homine

27 2812 36 2819 ·
81 2861 83 2867 ,
160 2795 290 2860 fortasse
305 2815 359 2878 pro
371 2793 493 2859 illorum
504 2796 679 2878 temporum
689 2797 779 2879 captu
790 2814 851 2859 non
862 2795 984 2859 indocto
999 2795 1142 2861 correctis
1158 2806 1227 2870 (eu--

160 2901 293 2967 iusmodi
315 2902 473 2966 hominum
496 2901 591 2974 etiam
613 2900 736 2965 nomina
757 2901 887 2966 nobisin
901 2900 1069 2983 Sophoclis,
1091 2901 1227 2973 indica·

161 3008 253 3084 renis,
277 3009 309 3079 in
330 3010 490 3090 poetarum
509 3009 690 3073 Latinorum
706 3009 908 3093 elegiaoorum
931 3007 1084 3072 codicibus
1100 3009 1131 3071 et
1148 3007 1223 3072 alibi

160 3115 274 3180 tradita
317 3115 400 3189 sunt)
448 3114 697 3180 describebantur
736 3113 854 3179 codices
895 3112 1051 3178 communi
1086 3112 1227 3196 interpo-

160 3223 276 3288 latione
312 3219 464 3304 inquinati
495 3239 551 3285 neo
586 3220 647 3285 nisi
678 3219 767 3285 novis
800 3219 951 3283 erroribus
972 3220 1004 3283 et
1023 3217 1221 3283 ulterioribus

162 3325 558 3406 conatibusdiserepantes,
581 3325 690 3409 quibus
712 3324 866 3393 codicibus
889 3343 959 3388 oum
973 3324 1066 3406 primi
1087 3323 1221 3388 editores

28 3514 31 3521 ι
160 3429 223 3495 fere
246 3431 295 3496 usi
316 3433 426 3509 essent,
446 3432 478 3496 in
501 3432 569 3496 aliis
591 3431 933 3516 scriptoribusantea,¹
952 3430 984 3493 in
1005 3430 1112 3493 multis
1135 3431 1182 3506 (ut
1204 3448 1220 3493 e

161 3536 276 3608 Graecis
291 3538 431 3617 Platone,
442 3539 588 3615 Isocrate,
600 3537 817 3615 Demosthene,
830 3535 989 3617 Sophocle,
1000 3535 1220 3618 Aristophane)

162 3642 220 3706 hoc
257 3643 382 3709 demum
418 3643 519 3710 seculo
548 3643 588 3707 ad
608 3642 762 3707 fideliores
782 3643 813 3706 et
833 3641 1018 3722 antiquiores
1042 3640 1161 3705 codices
1184 3659 1221 3707 ex

116 3949 118 3955 Ι
230 3975 395 4040 Lat.§304
413 3993 440 4031 n.
462 3978 488 4031 4.
526 3975 653 4030 Horatius
672 3988 711 4040 ep.
731 3973 753 4034 l,
773 3973 815 4033 17,
833 3973 880 4026 40.-
915 3970 1219 4038 onusparvisuni¹

229 4067 293 4121 mis
311 4069 345 4120 et
363 4083 464 4136 parvo
483 4081 625 4135 corpore
644 4064 768 4132 maius).
