2580 4530
604 246 664 303 Lib.
682 248 705 303 1.
1085 245 1143 307 lll

102 441 210 507 dativo
254 441 412 508 violenter
452 441 665 507 musetivum
698 444 835 526 posueris
871 437 1078 528 (ncisensde
1114 448 1187 508 ἐσο-

104 548 272 631 μένους),
309 551 418 615 tumen
445 546 669 615 incredibiliter
699 549 809 616 vitiose
840 551 995 637 sbundsrs
1022 530 1192 634 (peltsstse-

105 655 189 719 enim
219 653 340 719 fecisse
365 656 480 721 nentes
502 653 681 738 Tbrosyllns
701 654 837 735 ‘dicituro
860 658 906 741 ⁸nt
923 655 1017 722 simul
1041 655 1186 739 peltoste

105 761 244 839 essent);
270 759 379 844 imqno
394 760 530 827 editores
545 779 562 826 e
575 761 661 826 λοπσ
680 761 957 828 circumscribendo
976 764 1096 845 putant
1118 763 1187 846 quis

107 869 174 931 tem
195 866 292 932 nulls
312 885 408 933 censs
427 868 496 933 mm
517 884 660 949 perverse
679 867 779 938 forms
792 866 966 944 eddiderit,
994 885 1055 932 non
1076 887 1186 933 curen-

108 976 166 1051 tes,
188 992 253 1038 nec
275 972 385 1038 rident
404 992 439 1039 se
460 971 635 1039 mmmm
655 974 853 1040 manifestem
873 974 1060 1057 relinquere,
1084 999 1186 1059 παιη-

109 1074 269 1165 σαμεκσς
304 1098 360 1162 pro
397 1072 557 1164 ποιήσας.
613 1081 765 1161 Quoniam
799 1081 896 1165 igitur
925 1087 1105 1147 ποιεῖσθαι
1138 1082 1188 1147 eet

109 1184 341 1251 iaciendum
362 1184 514 1270 sliqutd
539 1204 686 1265 curere,
714 1184 878 1271 pequiritnr
898 1185 953 1265 rei,
975 1205 1067 1271 qnsm
1088 1188 1187 1253 Thre-

109 1293 209 1377 syllus
230 1291 412 1357 faciendam
434 1291 596 1369 curaverit,
618 1291 808 1376 significatio,
830 1293 1016 1376 apparetque
1029 1280 1092 1358 non
1107 1312 1185 1360 nsu-

109 1402 157 1463 tss
179 1398 289 1465 foetos
311 1396 388 1477 dici,
417 1397 474 1464 sed
501 1399 617 1482 aliquid
636 1398 740 1463 nautis
760 1399 918 1480 peretum,
946 1400 983 1464 ut
1003 1398 1097 1466 simul
1118 1402 1186 1485 pel-

109 1505 202 1569 [καλῶ
242 1504 371 1583 essent3
404 1508 489 1571 recte
522 1505 604 1571 enim
640 1505 703 1570 iam
736 1503 838 1569 batim
878 1504 1186 1592 (πεντακισχιλίοις)

109 1610 236 1676 dstirns
264 1608 431 1677 odinnctns
459 1611 534 1687 erite
565 1613 708 1695 peretum
732 1610 782 1676 est
804 1610 909 1675 summ
931 1611 1091 1689 nibilnisi
1110 1611 1185 1694 ipsso

109 1717 224 1798 peltae,
270 1715 456 1800 scripsitque
493 1714 697 1799 Xenophon:-
720 1718 1081 1805 πεντακισχιλίοις
1117 1716 1185 1781 τῶν

110 1822 251 1889 ναυτῶν
281 1823 438 1895 πέλτας
469 1824 704 1907 ποιησάμενος
734 1815 778 1896 οἷς
805 1818 877 1907 ἅμα
901 1824 957 1889 καλ
979 1824 1186 1896 πελτασταῖς

109 1933 302 2013 ἐσομένοις.
354 1927 502 2012 Antiqnis
532 1930 564 1994 st
591 1929 706 1994 Atticis
732 1929 929 2013 scriptoribus
949 1944 1047 1994 unum
1072 1928 1184 1993 ssltcm

108 2036 323 2119 sdinngumns
343 2032 377 2097 in
398 2033 458 2097 boo
479 2036 685 2117 exemplorum
706 2035 784 2102 serio
804 2034 955 2101 inferioris
977 2034 1093 2111 stetis,
1120 2034 1185 2098 Ln-

108 2142 254 2217 uenum,
283 2138 316 2203 in
345 2138 434 2205 onius
454 2138 564 2205 Torsri
591 2138 632 2201 60
658 2138 696 2203 de
726 2140 851 2207 bomine
878 2141 1041 2207 certamen·
1058 2139 1185 2209 ineunte

107 2249 149 2311 sio
171 2244 344 2312 scribitur:
365 2237 412 2310 ‘O
434 2245 469 2311 ee
492 2241 607 2327 λαβών
629 2239 670 2310 τσῖ
694 2241 785 2313 ὅπλα
807 2241 849 2313 ταὶ
871 2234 936 2329 pois
959 2245 1045 2314 ἄλλα
1068 2263 1185 2329 περιε-

109 2347 262 2435 δήσατο,
286 2344 325 2413 τό
349 2345 473 2436 κράνος
496 2344 525 2418 δ’
552 2344 614 2417 οὐκ
637 2355 825 2437 ἐπέθηκεν,
855 2347 929 2418 ἀλλ’
953 2346 1024 2419 siud
1050 2350 1185 2438 γυμνῆς

110 2463 168 2543 τῆς
199 2458 357 2540 κεφαλῆς
387 2452 557 2531 καταστσῖς
585 2450 739 2543 ἐμάχετο.
787 2461 928 2527 Graeeum
957 2460 1005 2524 sst
1031 2457 1069 2522 de
1095 2457 1186 2542 galea

109 2566 166 2631 sibi
189 2563 386 2646 imponendo
408 2567 568 2641 ἐπέθετο,
597 2583 658 2628 non
689 2567 875 2650 ἐπέθηκεν,
906 2585 962 2630 σεο
982 2563 1047 2628 ulla
1068 2562 1186 2647 signifi-

109 2676 209 2745 catur,
234 2688 295 2734 cur
315 2686 377 2732 non
397 2669 519 2753 galeam
541 2688 661 2754 quoque
688 2673 870 2756 sumpserit,
901 2688 1003 2737 conss.
1052 2668 1112 2734 Sed
1136 2688 1185 2734 co·

109 2780 194 2844 dices
218 2794 284 2841 non
301 2767 363 2839 οὐκ
386 2778 566 2858 ἐπέθηκεν,
592 2777 646 2840 sed
671 2773 926 2869 σύκατέθηκεν
940 2776 1064 2841 habent.
1101 2774 1187 2840 Nihil

110 2885 182 2949 binc
207 2880 296 2947 effici
320 2882 444 2961 potest,
475 2880 555 2964 qnod
587 2883 718 2948 hominis
749 2883 901 2948 actionem
929 2883 1000 2966 epte
1022 2883 1185 2967 significet

110 2992 162 3057 sed
186 2987 328 3054 efficitur
349 2986 454 3064 facile,
477 2986 556 3070 quod
578 2987 616 3052 de
636 2990 705 3070 ipse
724 2979 815 3072 gulsa
835 2988 954 3055 dicetur
974 2989 1187 3071 ostendatque,

112 3118 164 3162 eur
180 3112 224 3161 ee
238 3094 334 3158 homo
348 3110 423 3157 usus
438 3111 498 3158 nou
512 3093 571 3171 sit;
594 3095 745 3178 seriptum
760 3093 841 3158 enim
862 3093 977 3158 finerst:
999 3088 1040 3159 σό
1065 3087 1186 3176 κράνος

111 3206 141 3269 δὲ
173 3194 223 3268 οὐ
249 3200 464 3280 καθῆκεν,
492 3201 605 3283 galee
639 3200 785 3283 (capiti)
808 3217 884 3263 non
920 3199 1185 3265 conveniebat.

111 3309 169 3374 Pto
194 3307 305 3371 minus
326 3302 394 3366 triti
416 3304 500 3368 verbi
521 3304 700 3386 imperfecto
724 3305 879 3371 subiectus
910 3306 958 3370 est
981 3305 1111 3371 soristus
1132 3322 1187 3367 no·

111 3414 271 3478 tissimus.
316 3402 501 3493 Καθήκειν
532 3411 639 3475 eodem
661 3411 752 3477 modo
773 3412 919 3496 Polybius
951 3410 1027 3475 dixit
1050 3409 1115 3485 ΠΙ,
1148 3408 1187 3470 78

112 3516 189 3599 (τας
213 3517 370 3599 ἐσθῆτας
396 3509 459 3588 τοῖς
486 3510 708 3601 καθηκούσας
735 3531 810 3591 ταῖς
832 3526 1049 3598 περιθεσαῖςλ
1072 3516 1104 3578 st
1126 3514 1187 3577 alii.

113 3623 207 3708 Apud
244 3621 379 3686 eundem
408 3621 440 3685 in
467 3622 567 3706 navig.
604 3625 643 3685 27
677 3623 742 3689 baeo
767 3624 928 3707 leguntur:
963 3612 1030 3685 'Eoi
1066 3621 1186 3703 λέγειν,

113 3728 197 3803 ὅσας
235 3724 431 3810 ἐπιβουλάς
465 3723 554 3811 μετα
591 3731 653 3796 τοὺ
689 3724 841 3795 πλούτου
879 3727 932 3790 καλ
970 3719 1096 3812 λῃστας
1133 3725 1187 3790 καλ

115 3831 257 3919 eddone
286 3837 343 3900 καὶ
371 3846 473 3915 μῖσος
501 3830 593 3919 παρα
621 3836 689 3901 τῶν
721 3835 867 3900 πολλοῐκ.
928 3830 997 3896 Non
1028 3832 1190 3896 obscurum

116 3946 172 4017 est,
194 3942 305 4023 inepte
326 3941 410 4005 inter
431 3941 558 4005 insidias
586 3942 619 4005 et
639 3940 788 4005 invidiam
810 3938 973 4019 odiumque
1002 3935 1121 4005 medios
1142 3936 1191 3999 in-

116 4045 237 4131 terponi
270 4047 413 4111 latrones
447 4063 504 4110 nse
536 4047 704 4113 orationem
737 4045 829 4110 verbo
859 4043 923 4109 ullo
961 4042 1052 4109 modo
1067 4068 1070 4073 ·
1087 4057 1193 4107 carere
