2580 4530
573 269 633 327 uie.
651 270 704 328 III.
1070 269 1132 335 395

208 471 276 536 Ibd.
288 491 321 554 p.
331 471 424 536 58A:
449 471 513 556 Πρ.
538 468 623 536 Τίνα
640 463 681 554 ἰή
699 467 828 557 ταύτην
843 462 888 536 αύ
904 471 953 538 δεῖ
976 475 1084 560 λίγειν
1096 469 1174 557 (τήν

108 570 359 662 διαλεκτικήν);
398 579 462 643 Σω.
505 576 619 660 Δήλον
652 573 706 641 ὅτι
739 572 762 660 ή
788 579 903 643 πᾶσαν
939 573 1003 664 τήν
1037 606 1076 667 γε
1109 580 1174 646 νύν

109 688 300 772 λεγομένην
332 683 442 770 γνοίη.
499 683 616 748 Vitium
643 684 843 749 manifestum
865 686 992 750 estnon
1017 687 1117 752 solnm
1141 688 1173 753 in

109 793 224 859 omisso
246 787 302 869 ἄν,
324 789 379 856 sed
397 790 495 855 multo
514 789 614 874 magis
637 788 669 852 iu
691 791 759 854 tota
780 791 948 879 sentemia3
973 810 1046 857 nam
1066 811 1170 876 neque

109 899 271 964 dialectiea
310 895 409 976 (ouius
443 896 491 961 vis
522 897 631 977 postea
665 894 790 959 demum
835 897 1015 979 explicatur)
1055 898 1175 965 definiri

109 1006 222 1088 potest,
245 1022 313 1087 quae
328 1002 460 1084 reliquas
475 1003 556 1066 artes
577 1001 704 1078 noverit,
727 1019 825 1083 neque
848 1019 952 1066 omnes
975 1003 1057 1076 artes
1082 1023 1175 1085 snpra

110 1109 359 1176 commemoratae
383 1096 555 1192 ¹significari
577 1108 707 1188 possunt
727 1106 775 1171 his
797 1107 912 1173 uerbis:
950 1107 1044 1173 πᾶσα
1078 1104 1099 1191 ἥ
1131 1134 1171 1195 γε

110 1218 173 1283 νύν
196 1217 375 1301 λεγομένη.
432 1216 535 1297 Longe
556 1213 650 1277 etiam
673 1211 756 1276 aliud
778 1214 896 1279 dietum
919 1214 1014 1280 fnisse
1038 1215 1174 1280 ostendit

109 1321 149 1395 id
171 1320 257 1404 qnod
278 1341 334 1404 per
354 1311 419 1406 γάρ
442 1319 612 1396 subiicitur,
635 1318 818 1383 confirmans
841 1338 900 1383 non
923 1320 1082 1387 diffieilem
1105 1339 1174 1386 esse

110 1427 240 1494 inventu
263 1427 364 1491 artem
385 1427 456 1491 ante
479 1423 693 1508 significatam.
739 1422 910 1507 Scripserut
929 1426 1035 1493 Plato:
1058 1426 1174 1513 Δήλον

110 1530 161 1600 ὅτι
188 1535 246 1598 ποῖ
255 1557 272 1605 ς
301 1526 351 1599 ἄν
377 1524 443 1616 τήν
472 1557 510 1618 γε
535 1531 599 1596 νύν
622 1533 810 1616 λεγομένην
839 1530 947 1616 γνοίη.
1001 1532 1078 1598 Cum
1102 1552 1175 1598 con-

110 1639 212 1706 flando
234 1639 351 1705 factum
373 1640 456 1706 esset
477 1638 601 1714 πᾶσαν,
631 1637 770 1702 additum
793 1638 840 1702 est
862 1633 884 1721 ἢ
906 1641 977 1705 ante
999 1641 1173 1706 nostrorum
1203 1654 1206 1658 ’

110 1746 252 1813 oudinum
274 1745 468 1829 originem.¹)
1014 1728 1020 1743 ι

209 1849 278 1915 Ibd.
299 1871 329 1932 p.
345 1851 385 1912 62
401 1850 440 1916 Β.
483 1849 636 1915 Vitiosum
658 1868 726 1914 esse
744 1842 916 1934 χρώμενος
937 1856 973 1917 ἐν
995 1851 1173 1937 οἰκοδομίᾳ

110 1959 164 2024 καί
187 1969 262 2029 τοῖς
283 1952 400 2029 ἄλλοις
422 1950 548 2039 ὁμοίως
570 1949 687 2021 κανόσι
717 1956 772 2020 καλ
803 1968 874 2028 τοῖς
896 1954 1040 2036 κύκλοις,
1062 1961 1176 2038 praeter

111 2063 275 2128 articulum
299 2062 331 2126 in
364 2063 461 2139 altero
491 2063 616 2128 nomine
642 2061 796 2139 additum,
828 2061 861 2126 in
895 2063 990 2127 altero
1023 2063 1172 2129 omissum

110 2167 246 2233 ostendit
267 2167 335 2251 ipse
355 2169 525 2245 sententia3
552 2188 650 2253 neque
677 2169 760 2234 enim
788 2167 820 2231 id
847 2167 1012 2234 ridioulum
1034 2169 1173 2233 futurum

111 2275 191 2352 erat,
225 2274 363 2357 quodie,
396 2275 433 2338 de
465 2293 522 2357 quo
545 2275 659 2359 egitur,
692 2274 807 2357 regulis
827 2277 860 2339 et
880 2274 1002 2340 oiroulis
1023 2277 1172 2357 uteretur,

111 2379 163 2444 sed
195 2379 278 2462 qnod
309 2399 369 2444 non
401 2381 453 2459 iis,
492 2382 543 2464 qui
574 2381 663 2446 huius
697 2381 804 2446 mundi
835 2382 926 2446 rebus
959 2382 1025 2464 apti
1058 2384 1172 2448 esseut.

110 2485 208 2550 Recte
223 2483 379 2552 'haetenus
402 2488 600 2553 Heindorfius
623 2482 739 2553 κανόσι
765 2487 903 2559 θειόις
926 2489 998 2552 καὶ
1024 2480 1172 2568 κύκλοις,

111 2591 164 2655 sed
198 2610 217 2656 a
250 2592 389 2676 vestigiis
421 2593 560 2657 oodieum
592 2594 684 2659 nimis
720 2593 865 2671 decedit,
903 2593 1051 2676 equibus
1075 2594 1173 2661 oritur

110 2690 227 2763 κανόσι
252 2711 415 2771 καινοῖς
438 2699 491 2763 καί
515 2692 660 2773 κύκλοις.
695 2699 842 2782 Corrupto
859 2712 988 2772 καινοῖς
1000 2700 1172 2765 necessario

109 2805 164 2870 καί
187 2806 345 2870 extrusum
369 2804 424 2868 est.

208 2911 276 2975 Ibd.
296 2932 325 2994 p.
339 2910 378 2972 66
401 2909 439 2973 C:
483 2911 653 2995 Πίμπτας
675 2913 804 2984 τοίνυν,
827 2905 867 2982 dc
888 2905 1015 2992 ήιίονοίς
1038 2917 1170 2995 ἔθεμεν

108 3005 263 3085 α’λύπσος
278 3007 489 3098 ὁρισάμενοι,
512 3017 669 3101 καθαροίς
685 3010 962 3100 ἐπονομάσαντες
977 3016 1039 3100 τής
1059 3018 1170 3102 ψυχῆς

107 3112 214 3204 αὐτῆς
238 3115 443 3206 ἐπιστήμας,
465 3137 539 3196 ταῖς
562 3125 595 3189 δὲ
618 3118 822 3206 αἰσθήσεσιν
845 3127 1024 3205 ἑπομένας.
1055 3121 1168 3188 Omnia

107 3225 171 3291 haee
192 3246 348 3308 perversa,
370 3229 503 3312 primum
517 3231 591 3312 ipsae
607 3229 791 3312 ἐπιστῆμαι
807 3227 906 3292 inhoo
918 3246 1029 3311 genere
1051 3226 1170 3310 posita,

106 3350 172 3414 qnae
194 3332 228 3397 in
250 3334 358 3417 quarto
388 3336 461 3398 sunt
482 3335 547 3413 (a),
584 3335 693 3402 deinde
719 3335 893 3416 voluptates
915 3333 1011 3398 animi
1034 3332 1169 3398 seientia

106 3437 278 3519 appellatae,
300 3441 456 3521 postremo
478 3441 613 3506 seientiae
635 3460 744 3506 sensus
757 3440 937 3524 sequentes.
990 3438 1070 3520 Quid
1094 3437 1173 3502 seri·

106 3544 242 3608 bendum
262 3544 314 3620 sit,
338 3564 354 3609 e
375 3566 404 3628 p.
428 3546 465 3608 51
490 3547 515 3608 Β
538 3567 604 3631 sqq.
628 3547 835 3632 intellegitur:
864 3540 1021 3630 andoenis
1044 3551 1168 3609 ἐπονο-

106 3643 281 3731 μάσαντες
313 3651 373 3736 τής
405 3652 515 3738 ψυχῆς
552 3647 669 3737 αύτής,
713 3646 990 3736 ἐπιστήμαις,
1028 3646 1101 3722 τοίς
1134 3649 1168 3715 δὲ

107 3747 313 3840 αἰσθήσεσιν
335 3761 517 3840 ἑπομένας,
539 3760 597 3826 hoc
619 3762 677 3842 est,
700 3754 762 3831 τοίς
782 3762 847 3842 μὲν
867 3749 1090 3842 ἐπιστήμαις,
1106 3750 1169 3828 τοίς

106 3860 140 3926 δὲ
162 3853 369 3944 αἰσθήσεσιν
391 3872 444 3930 ἐπ.
478 3866 560 3949 (Vid.
582 3866 672 3931 huius
694 3866 790 3947 ipsius
812 3863 882 3929 dial.
905 3884 934 3947 p.
947 3863 1035 3941 3611,
1057 3860 1166 3927 Stallb.

130 4030 154 4100 ¹)
174 4032 252 4086 Hane
277 4030 492 4087 emendationem
514 4031 619 4102 prodidi
643 4032 673 4085 in
695 4033 785 4086 annal.
809 4029 907 4102 philol.
931 4029 1058 4086 Daniel
1082 4043 1109 4098 p.
1132 4024 1174 4081 λλ)

175 4126 203 4178 et
221 4125 283 4180 174.
