2580 4530
229 239 288 299 144
657 236 718 293 Lib.
735 237 760 294 1.

183 441 215 513 in
251 439 561 525 μεταγεγραμμένα
606 429 742 519 εὑρέθη.
802 435 921 501 Deinde
958 432 1114 502 ἅπαντα
1136 442 1246 502 ἐκεῖνα

183 542 264 609 male
295 543 347 608 his
384 543 605 626 adiunguntur}
640 561 715 607 nam
749 541 783 606 iu
816 539 902 606 libris
940 559 971 606 a
996 541 1083 609 Sulla
1113 544 1246 610 Athenis

182 651 312 714 Romam
333 649 367 713 iu
387 649 492 732 praeda
511 649 616 717 missis
637 667 696 713 non
710 647 926 712 Demosthenis
946 666 1044 730 neque
1058 649 1247 733 Thucydidis

184 755 301 819 eodiees
328 756 658 833 commemorabantur,
699 753 753 820 sed
775 746 954 818 Aristotelis
983 755 1015 818 et
1041 755 1270 844 Theophrasti,

182 861 254 925 libri
286 859 377 925 Nelei
409 859 536 942 Scepsio
569 861 737 925 hereditate
768 859 868 924 relicti
901 859 933 922 et
965 861 1074 941 postea
1106 861 1246 937 Athenas

182 966 325 1036 translati
351 965 424 1044 (vid.
446 965 588 1031 Strabon.
611 966 698 1030 XIII.
721 965 798 1041 608,
821 964 892 1041 609,
912 964 1102 1050 etsiiuisse,
1131 967 1183 1049 qui
1206 968 1245 1032 ad

152 1133 156 1141 .
182 1072 384 1138 Ptolemaeum
411 1071 653 1154 Philadelphum
681 1070 856 1152 pervemsse
878 1070 1044 1149 traderent,
1079 1091 1116 1136 ex
1147 1072 1246 1137 Athe·

182 1197 248 1265 naeo
279 1179 294 1242 I
327 1198 356 1260 p.
386 1177 458 1241 eh
486 1178 625 1255 seimus).
683 1175 845 1240 Coniunrit
875 1175 970 1259 igitur
1001 1177 1154 1242 Lucienus
1175 1179 1246 1243 tria

182 1283 306 1367 egregia
350 1275 523 1366 κειμήλια,
568 1281 783 1347 Demosthenis
816 1283 967 1347 orationes
1002 1282 1106 1365 ipsius
1151 1304 1246 1349 manu

182 1389 327 1472 scriptas,
363 1388 549 1472 Thucydidis
588 1387 749 1453 historIam
790 1407 809 1452 a
840 1388 1051 1454 Demosthene
1084 1388 1131 1465 (ut
1161 1388 1245 1454 lama

181 1495 311 1574 ferebat)
350 1495 446 1560 oeties
487 1492 688 1575 dese'riptam,
731 1493 960 1576 antiquissimos
999 1495 1032 1558 et
1061 1494 1245 1572 rarissimos,

182 1593 257 1682 quos
287 1599 403 1665 Neleus
435 1599 622 1682 possederat,
655 1598 788 1666 oodioes:
825 1594 887 1664 ὅσα
1000 1595 1141 1684 εὑρέθη,
1178 1605 1243 1666 καὶ

182 1707 351 1791 Νηλέως
381 1703 518 1775 ἅπαντα
544 1712 667 1793 darive.
696 1702 758 1772 ὅσα
786 1699 812 1769 ελ
835 1698 969 1779 Σύλλας
1000 1733 1031 1772 n.-
1057 1732 1088 1771 τ.
1123 1710 1154 1774 λ.
1199 1709 1244 1772 Ex

12 1778 15 1785 Ι
55 1886 60 1893 ,
183 1816 364 1899 aaronitae
397 1813 512 1899 laetum
553 1813 669 1883 καλῶς.
727 1811 787 1875 Sed
824 1814 922 1878 restat
959 1812 1083 1896 aliquid
1135 1813 1244 1896 Neque

182 1921 264 1985 enim
294 1920 400 1987 Graeoe
433 1911 528 2002 παρα
557 1918 621 1983 τοῦ
653 1921 900 2001 Δημοσθένους
932 1918 1241 2005 μεταγεγραμμένα

181 2045 235 2108 pro
257 2019 331 2091 ὐαό
350 2012 477 2102 dieitur}
512 2025 568 2088 illa
587 2021 800 2107 praepositione
826 2023 1051 2107 significantur,
1078 2044 1146 2107 qnae
1175 2028 1243 2109 quis

182 2131 445 2207 aDemosthene,
476 2128 509 2193 id
536 2132 593 2207 est,
616 2149 652 2195 ex
681 2131 746 2196 eius
768 2114 920 2194 eodieibus
948 2130 1014 2212 ipso
1035 2132 1242 2214 permittente,

179 2236 390 2318 descripserim
424 2237 456 2299 et
488 2238 592 2300 tamen
614 2236 748 2318 priorem
769 2236 856 2299 illam
878 2237 1063 2301 sententiam
1096 2239 1129 2303 et
1159 2238 1242 2303 fama

179 2342 252 2406 alibi
286 2341 401 2406 tradite
436 2341 467 2405 ot
499 2340 582 2405 totus
613 2341 700 2406 loeus
734 2343 765 2404 et
796 2340 935 2405 additum
971 2345 1028 2432 καὶ,
1057 2338 1144 2411 αὕτα
1169 2351 1242 2424 (non

178 2448 280 2529 miuus
303 2464 394 2530 quam
417 2446 632 2511 Demosthenis
654 2447 751 2529 ipsius
773 2446 942 2528 orationes)
963 2450 1132 2531 postulant.
1175 2449 1240 2515 Ita·

178 2572 237 2635 que
257 2573 311 2636 pro
334 2545 426 2636 παρά
449 2551 652 2626 scribendum,
674 2569 736 2616 uon
761 2544 841 2631 α’τό,
863 2553 943 2634 quod
964 2573 1054 2621 nemo
1077 2557 1238 2631 mutasset,

80 2745 82 2749 Ι
177 2659 248 2736 sed,
272 2658 393 2741 opinor:
416 2653 480 2722 ὅσα
501 2645 682 2743 γραφείῳ
705 2653 767 2722 aar]
791 2661 1040 2742 Λημοσθένους
1062 2664 1117 2727 καὶ
1150 2655 1238 2728 αὕτα

177 2759 312 2836 enodate
351 2767 661 2851 μεταγεγραμμένα
703 2754 840 2847 εὑρέθη.
902 2765 1042 2830 Variavit
1072 2768 1237 2845 Lucienus

177 2871 256 2954 quod
275 2870 427 2954 inpriore
446 2871 584 2934 membro
606 2870 683 2935 dixit
701 2871 745 2957 τῃ·
767 2871 875 2955 χειρί..

276 2976 393 3059 (ΧΧΧ)
416 2977 586 3042 Pausanias
607 2977 676 3055 VH,
699 2976 782 3053 23st
808 2978 839 3040 et
860 2976 879 3039 8
903 2978 1036 3059 exponit,
1058 2998 1126 3061 quae
1149 2980 1237 3045 homo

175 3078 317 3149 Sldonius
348 3100 449 3149 seeum
469 3083 644 3166 ,aliquando
671 3084 709 3147 de
739 3083 907 3165 Apollinis,
934 3083 992 3148 hoe
1020 3086 1068 3150 est
1089 3086 1177 3165 solis,
1207 3087 1238 3150 et

175 3189 353 3272 AEsoulapii,
374 3190 432 3254 hoo
453 3192 501 3255 est
512 3189 592 3255 aeris
606 3189 865 3271 salubritatisque,
877 3189 1087 3255 coniunctione
1098 3189 1236 3273 disputa-

174 3298 269 3375 verit3
294 3295 405 3361 deinde
433 3294 552 3367 additu,
578 3289 667 3379 'Eym'
697 3296 733 3360 tl
759 3288 989 3380 α’ποελέχεσθαι
1025 3301 1090 3378 μὲν
1117 3292 1158 3362 ed
1187 3303 1236 3362 ei-

145 3394 317 3489 ρημένα,
340 3397 439 3468 οὐδὲν
468 3401 503 3467 (λε’
529 3428 561 3467 τι
585 3402 752 3468 Φοινίκων
773 3403 907 3486 μᾶλλον
937 3397 960 3486 ἢ
983 3403 1036 3467 ναὶ
1059 3397 1235 3485 Ἑλλήνων

175 3517 260 3595 ἔφην
293 3504 356 3576 τόν
383 3500 498 3600 λόγον,
526 3508 601 3572 ἐπεὶ
631 3509 686 3573 ναὶ
716 3515 753 3573 ἐν
783 3503 913 3596 Τιτάνῃ
944 3509 1007 3591 τῆς
1040 3510 1236 3574 Σικυωνίαν

69 3604 70 3609 ¹
172 3612 211 3684 τό
238 3610 323 3684 αὐτό
349 3612 488 3702 α’ἶγαλμα
511 3606 664 3699 Ὑγίειαν
686 3640 723 3678 τε
743 3606 980 3696 ὀνομάζεσθαι
1006 3617 1061 3693 καὶ
1091 3614 1235 3698 merdepa

173 3722 231 3804 (siu
251 3724 347 3801 nodd,
372 3742 432 3788 non
445 3721 540 3787 maedi
554 3720 657 3789 εἶναι)
670 3720 769 3804 δῆλα,
792 3715 836 3793 αἶς
858 3714 918 3789 τόν
939 3715 1082 3806 ήλιανόν
1105 3715 1234 3806 δρόμον

173 3830 228 3894 ἐπὶ
251 3829 314 3913 γῆς
334 3823 470 3914 ὑγίειαν
485 3828 650 3895 ποιοῦντα
671 3819 881 3911 deriptionem.
927 3827 1020 3892 Recte
1041 3826 1233 3892 intellectum

171 3935 228 4012 est,
250 3934 321 3999 huie
349 3929 503 4022 Ὑγίειαν
531 3961 567 4000 τε
602 3934 734 3999 alterum
760 3933 943 4016 respondere
969 3930 1089 3997 debere
1110 3938 1233 4008 nomeu,

169 4056 277 4105 verum
297 4039 331 4104 id
354 4060 417 4106 non
434 4040 604 4125 AEsenlapii
624 4059 692 4108 esse
713 4036 807 4105 debet
826 4045 920 4117 (exeo
939 4038 1022 4104 enim
1044 4037 1131 4116 nihil,
1153 4038 1232 4120 quod
