2580 4530
208 259 249 323 30
648 259 710 320 Lib.
729 259 752 317 1.

165 455 378 544 πολυμαθής
400 455 490 546 οἷνήρ
520 460 573 525 ναὶ
597 454 906 548 πολυγράμματος.
960 459 1051 535 Tum,
1080 456 1233 541 quomodo

165 566 283 649 species
315 567 446 652 glorioso
475 565 594 631 homini
624 565 764 635 detracta
791 566 848 643 sit,
880 567 992 651 ¹narrat
1024 557 1082 647 (Ὁ
1114 567 1233 645 μέντοι

168 665 363 745 Λουκάνιος
384 698 412 737 ν.
434 699 461 737 ν.
486 672 540 754 λ).
584 671 712 736 Prorsus
734 672 933 738 memorabile
954 671 1128 753 exemplum
1150 669 1234 735 vocis

167 780 257 863 paulo
279 778 403 845 rarioris
424 780 456 843 in
478 781 541 843 tres
563 797 635 842 oum
657 777 760 859 aliqua
779 778 953 842 litterarum
974 776 1146 841 mutatione
1170 776 1234 841 dis·

167 887 275 950 tractae
301 885 408 951 habet
423 884 561 950 eiusdem
590 883 749 949 Plutarchi
778 884 843 949 vita
871 882 982 967 Pyrrhi
1003 903 1028 947 c.
1051 883 1080 960 3,
1113 883 1168 947 ubi
1197 883 1235 947 de

168 991 299 1056 Glaucia
319 991 492 1076 lllyriorum
515 1008 603 1074 rege,
634 978 790 1072 ad'quem
808 990 944 1074 Pyrrhus
966 989 1067 1054 inians
1090 1007 1109 1053 a
1131 991 1237 1058 custo-

168 1097 257 1162 dibus
279 1097 468 1185 fugientibus
487 1093 606 1158 delatus
630 1097 707 1172 erat,
729 1095 773 1158 sic
794 1096 953 1161 scribitur:
989 1090 1038 1162 ‘0
1056 1089 1086 1160 d'
1109 1085 1154 1177 ἦν
1178 1095 1234 1158 ἐπὶ

169 1195 527 1288 γνώμιγςΚοῖοανὸρον
549 1195 706 1272 δεδοικώς
728 1195 853 1285 ἐχθρόν
874 1198 959 1267 ὄντα
983 1205 1045 1266 τοὺ
1065 1201 1236 1269 Αἰακίδου

169 1309 295 1392 (Pyrrhi
315 1309 424 1392 patris)
449 1309 504 1399 καὶ
527 1301 661 1390 orendo
689 1306 753 1392 εἶχε
787 1304 899 1375 nol-dv
928 1302 1051 1395 χρόνον
1071 1301 1234 1391 βουλευό-

170 1440 284 1498 μενος.
352 1414 461 1497 Neque
480 1407 601 1480 ¹Graece
635 1413 698 1478 ullo
737 1416 875 1498 exemplo
911 1416 1023 1481 dicitur
1057 1415 1144 1480 εἶναι
1179 1415 1234 1479 ἐνιλ

169 1515 318 1606 γνώμης,
351 1520 383 1584 et
405 1521 432 1589 si
453 1522 614 1597 diceretur,
648 1518 787 1585 ut'esset
806 1521 1040 1599 deliberare,
1072 1520 1236 1585 manifesta

171 1630 255 1696 esset
287 1627 457 1711 tautologia
492 1627 524 1691 in
559 1626 695 1709 proximo
725 1626 990 1712 βουλευόμενος.
1052 1626 1235 1692 Plutarchus

171 1735 352 1818 scripserat:
392 1727 438 1799 ‘0
466 1725 495 1798 δ’
522 1724 741 1819 ἠμφιγνιόμει
776 1733 923 1816 (incertus
952 1734 1115 1800 sententia
1148 1733 1236 1816 erat).

170 1841 259 1905 Idem
290 1839 323 1905 iu
351 1839 442 1905 Nicia
469 1858 495 1905 c.
523 1838 541 1900 9
574 1840 738 1923 postquam
769 1839 846 1905 dixit
874 1839 1065 1922 aliquamdiu
1095 1859 1111 1903 e
1144 1838 1236 1904 variis

171 1947 292 2012 indiciis
314 1946 505 2012 intellectum
528 1965 605 2024 esse,
626 1945 922 2011 Lacedaemoniorum
948 1947 978 2010 et
1001 1945 1237 2010 Atheniensium

172 2054 291 2118 animos
313 2053 387 2118 belli
407 2053 537 2130 taedere,
566 2054 722 2134 postremo
752 2052 825 2134 quid
845 2051 963 2116 factum
985 2051 1036 2129 sit,
1066 2051 1115 2116 bis
1136 2051 1235 2115 verbis

171 2159 273 2241 ponit:
302 2149 416 2223 ἔπειθ’
439 2152 527 2222 οὕτω
550 2157 628 2238 περὶ
652 2157 782 2230 παντός
805 2162 853 2230 εἰς
875 2154 996 2244 λόγους
1018 2148 1238 2241 συμβάλλον-

174 2288 230 2334 τες
253 2256 460 2346 ἐποιήσαντο
484 2261 548 2346 τήν
569 2260 720 2347 εἰρήνην.
762 2264 803 2328 Et
825 2264 928 2346 inopte
948 2281 1004 2344 per
1025 2283 1058 2327 se
1080 2263 1118 2327 de
1141 2262 1239 2328 omni·

173 2370 230 2434 bus
247 2370 337 2434 rebus
357 2369 499 2432 collocuti
520 2387 588 2432 esse
613 2368 767 2446 dicuntur,
788 2387 886 2450 neque
907 2369 964 2432 hoo
978 2370 1063 2434 recte
1078 2369 1240 2452 superiori·

174 2475 231 2539 bus
251 2474 419 2556 respondet
439 2492 537 2556 neque
559 2474 662 2556 ipsum
683 2475 714 2538 iu
736 2473 853 2538 Graecis
874 2475 975 2539 verbis
1003 2474 1102 2552 inest;
1135 2495 1241 2540 neces·

175 2579 255 2644 sario
281 2581 365 2645 'enim
387 2579 581 2644 scribendum
603 2581 769 2663 eretriaci
793 2573 943 2644 υόντων.
985 2579 1048 2644 Sed
1058 2580 1241 2646 Plutarchus

176 2685 364 2768 scripserat:.
387 2678 500 2749 ἔπειθ’
530 2683 618 2750 οὕτω
650 2688 888 2770 περιφανῶς
921 2690 969 2759 εἰς
1007 2679 1127 2772 λόγους
1155 2710 1242 2770 ουμ-

176 2781 365 2872 βάλλοντες
380 2795 403 2852 ι’.
417 2817 445 2854 ν.
459 2795 520 2875 εἰρ.
566 2792 611 2857 Ut
624 2792 664 2856 ad
676 2792 788 2858 Latina
800 2794 941 2876 exempla
960 2797 1127 2870 transeam,
1150 2810 1242 2874 quam

178 2913 259 2976 saepe
272 2894 353 2959 Livii
366 2895 484 2961 librarii
499 2918 515 2962 e
530 2899 629 2980 prima
641 2899 760 2983 syllaba
774 2899 859 2964 verbi
881 2899 1034 2981 quiesco
1056 2900 1088 2962 et
1102 2895 1244 2962 adjectivi

178 3000 334 3084 quietus
367 3021 533 3082 pronomen
573 3004 635 3086 qui
674 3005 846 3082 effecerint,
885 3005 1004 3075 ,astons
1037 3001 1243 3088 pessundatis,

182 3106 381 3175 dictumest
406 3108 438 3177 in
472 3109 640 3177 emendatt.
663 3110 729 3177 Lir.
757 3133 787 3193 p.
811 3111 870 3174 617
901 3113 933 3176 et
962 3111 994 3174 in
1022 3110 1140 3193 praefat.
1165 3107 1246 3175 Livii

181 3233 200 3277 a
220 3232 269 3278 me
292 3211 365 3278 editi
387 3214 445 3277 rol.
469 3215 514 3279 IV
535 3216 610 3281 fasc.
632 3217 648 3280 Ι
670 3238 700 3299 p.
728 3217 776 3278 13.
817 3218 854 3282 In
877 3217 978 3283 Taciti
998 3234 1118 3299 quoque
1139 3214 1245 3280 codice

182 3319 318 3385 Mediceo
347 3319 436 3397 XIV,
481 3321 521 3381 λλ
558 3340 613 3402 pro
647 3323 770 3405 quieti
805 3322 910 3386 urbis
948 3322 1090 3387 scribitur
1128 3320 1191 3403 qui
1229 3338 1246 3384 e

181 3426 360 3519 turbis¹);
378 3426 442 3503 ¹sed
463 3427 579 3492 mansit
600 3429 747 3492 mendum
769 3447 805 3492 ex
826 3427 935 3491 eadem
958 3447 1052 3492 eausa
1071 3425 1163 3509 paulo
1186 3423 1248 3490 alia

182 3534 281 3598 forma
306 3533 411 3599 uatum
434 3531 465 3596 in
492 3551 563 3596 ann.
586 3532 669 3612 XIV,
700 3534 750 3610 26,
769 3533 832 3597 rubi
854 3533 972 3598 editur:
1007 3531 1106 3597 unde
1138 3529 1249 3614 (legati

184 3639 412 3723 Hyrcanorum)
442 3636 580 3702 vitatis
603 3636 834 3703 Parthorum
860 3639 1006 3703 finibus
1033 3637 1183 3720 patrias
1211 3635 1248 3699 in

183 3745 297 3810 sedes
329 3763 554 3811 remeavere.
603 3742 700 3822 Quin
731 3745 770 3806 et
797 3743 998 3808 Tiridaten
1024 3762 1093 3825 per
1119 3741 1249 3807 Medos

189 3888 386 3898 -οι--ή-

215 3976 241 4042 ¹)
261 3971 362 4028 Contra
384 3971 456 4042 apud
481 3971 539 4026 Val.
558 3969 628 4025 Max.
647 3965 693 4033 Ν,
713 3969 728 4021 7
748 3966 781 4022 Ε.
800 3970 817 4022 2
847 3968 928 4040 codex
952 3969 1072 4037 optimus
1101 3967 1250 4037 quietam

259 4065 341 4121 habet
360 4080 408 4136 pro
424 4062 484 4134 ¹qui
503 4079 549 4121 ea·
