2580 4530
195 258 255 322 aba
615 258 675 314 Lib.
694 259 733 318 11.

153 455 234 521 (liras
245 456 457 521 vaticiniorum
470 474 617 536 meorum,
640 456 739 522 diram
760 457 1027 542 significationem
1049 460 1110 526 nisi
1130 462 1211 545 quod

153 580 289 645 praesens
309 561 488 645 imperfecto
510 562 611 645 aptius
632 556 680 627 est
701 575 935 646 παραστατεῖς
943 564 978 643 1).

252 668 319 734 Ibd.
357 668 446 733 1422.
503 668 737 752 Clytaemnestra
779 669 871 734 choro
902 672 1141 752 reprehendenti
1181 676 1212 739 et

153 793 275 857 poenam
297 774 482 859 significanti
504 775 548 844 at
556 775 618 840 alia
637 775 801 856 respondet
822 777 854 840 et
877 775 957 841 haec:

690 873 835 965 ἐπήκοος
858 875 888 947 δ’
909 883 1001 974 ἐμῶν
1037 906 1040 912 ’

290 994 396 1072 έργων
418 981 577 1070 δικαστής
598 981 723 1073 τραχιές
744 987 790 1053 εἶ·
813 989 897 1075 λέγα
921 989 957 1054 δέ
976 1014 1028 1054 σοι

287 1085 415 1159 τοιαῦτ’
436 1086 590 1159 α’πειλεῑν
613 1087 656 1165 οἷς
677 1097 996 1179 παρεσκευασμένης

287 1205 321 1264 ἐκ
344 1201 411 1264 τών
431 1193 562 1283 ὁμοιίέν
583 1202 665 1284 χειρὶ
689 1195 860 1285 νικήσαντ’
887 1200 973 1285 ἐμοῦ

287 1300 416 1392 ἄρχειν·
447 1300 506 1370 εὀὶν
530 1306 564 1370 δὲ
585 1302 781 1390 τοῦμπαλιν
804 1308 925 1397 κραίνη
946 1301 1042 1380 θεὸς,

287 1404 406 1499 γνώσει
429 1411 603 1498 διδαχθεὶς
625 1407 687 1491 ὀψὲ
709 1415 795 1501 γοῦν
812 1408 854 1479 τό
878 1425 1074 1499 σωφρονεῖν.

137 1597 139 1601 ¹
253 1519 406 1602 Apertum
429 1519 476 1583 est
497 1528 566 1584 nac'
581 1521 765 1586 sententiam
793 1540 850 1586 nec
876 1522 1042 1586 orationem
1069 1518 1212 1583 constare

153 1622 268 1691 inillis
292 1617 336 1697 cis
357 1627 677 1711 παρεσκευασμένης
763 1671 770 1688 .
794 1620 968 1712 νικήσαντ’
989 1623 1114 1711 ἄρχειν.
1152 1621 1212 1688 Sol

143 1733 221 1816 'quae
242 1731 341 1797 subsit
367 1732 531 1809 sententia,
552 1751 607 1797 nec
629 1733 694 1798 haec
713 1726 884 1818 νικήσαντ’
909 1734 995 1819 ἐμοῦ
1018 1729 1133 1816 ἄρχειν
1154 1749 1211 1794 σεο

153 1840 208 1904 illa
238 1835 299 1903 ἕοὶν
327 1837 363 1904 δέ
382 1835 579 1922 τοῦμπαλιν
603 1839 725 1928 κραένη
751 1834 837 1913 θεός
867 1840 1006 1905 dubitare
1028 1824 1134 1905 sinunt
1155 1855 1212 1901 nec

153 1947 221 2010 tota
256 1944 315 2010 loci
348 1944 539 2011 cohaerentia.
593 1947 660 2011 Hoc
693 1947 774 2012 enim
797 1947 1034 2031 Clytaemnestra
1064 1944 1149 2018 dicit,
1185 1943 1212 2006 si

153 2053 230 2117 talia
259 2051 369 2116 minari
396 2050 505 2116 'chorus
534 2051 623 2130 velit,
660 2055 801 2135 paratum
834 2071 905 2116 eum
938 2070 1005 2116 esse
1032 2049 1148 2114 (labere.
1171 2048 1211 2112 ad

73 2179 76 2197 ι
153 2157 367 2241 pugnandum,
395 2156 432 2220 nt
452 2157 540 2221 viotae
561 2156 803 2241 Clytaemnestrae
823 2159 970 2240 imperet;
999 2157 1100 2239 ipsam
1127 2153 1211 2219 anim

153 2283 211 2328 non
232 2263 297 2327 sine
319 2261 485 2327 certamine
502 2280 670 2354 cassuram3
693 2265 740 2328 sin
763 2263 861 2329 motus
881 2264 989 2329 chorus
1013 2261 1115 2335 fucrit,
1128 2260 1211 2333 lore,

33 2459 36 2464 -
153 2372 189 2432 nt
209 2366 367 2433 modestus
389 2384 455 2430 essa
486 2367 593 2432 discat.
642 2352 772 2449 Scripsit
798 2368 893 2452 igitur
913 2368 1092 2451 AEsohylns:
1127 2368 1210 2452 λέγω

155 2477 189 2540 δέ
213 2477 295 2554 noa-l
320 2466 448 2536 τοιαῦτ’
470 2465 626 2538 οἷπειλεῑν
648 2467 690 2546 οἷς
712 2476 1118 2559 παρεσκευασμένον
1145 2474 1149 2553 Ι
1176 2477 1212 2536 ἐκ

154 2581 221 2647 τών
241 2573 370 2664 ὁμοίαν
390 2580 472 2664 χειρὶ
496 2571 668 2663 νικήσαντ’
689 2581 774 2663 ἐμοῦ
793 2588 797 2655 Ι
817 2576 949 2665 σ’έρχεινε
971 2579 1061 2644 iubeo
1081 2580 1113 2643 ta
1136 2576 1213 2642 ialin

154 2686 267 2754 minari
281 2687 317 2750 ut
334 2686 488 2769 paratum,
509 2684 542 2749 iol
563 2687 620 2762 asa,
642 2685 731 2751 iubeo
745 2687 832 2752 teita
846 2687 970 2751 tantum
992 2685 1068 2751 talia
1088 2683 1211 2760 minari,

155 2795 181 2860 si
202 2793 328 2878 paratus
351 2790 426 2874 ss2).

185 3042 207 3110 ¹)
226 3041 376 3096 Meinekius
399 3040 479 3094 scribi
502 3041 589 3094 voluit
611 3033 628 3111 ἦ
651 3041 738 3110 κάρτα
761 3039 820 3111 τᾶρ’
844 3032 881 3096 αὖ
892 3039 1064 3109 ’παρεκόπης
1082 3040 1214 3108 χρησμῶν

185 3149 189 3154 ·
226 3137 305 3204 ἐμῶν,
324 3133 471 3189 inutilibus
489 3133 629 3202 particulis
647 3135 816 3198 coacervatis,
834 3150 904 3188 nova
920 3132 995 3187 verbi
1007 3128 1215 3185 constructione.

137 3253 142 3258 ¹
225 3227 296 3282 Hinc
318 3241 473 3297 progressus
495 3225 650 3280 Dindorfius
673 3227 762 3280 omnia
785 3228 882 3292 vertit,
913 3229 945 3280 nt
970 3227 1052 3279 esset:
1083 3213 1100 3294 ἦ
1125 3221 1215 3289 κάρτα

216 3319 536 3393 ,χρησμῶνπαρεκόκης
560 3318 650 3374 κλύων
678 3319 776 3388 epte„
800 3319 891 3374 Velim
914 3316 1100 3387 animadverti,
1134 3330 1216 3384 quam

225 3414 339 3469 licenter
348 3412 412 3482 ipss
421 3411 542 3480 reliquis
560 3410 616 3464 veri
636 3408 691 3480 (ἄρ’
711 3408 757 3477 ἄν)
770 3428 878 3482 prorsus
891 3411 1004 3479 sublate
1014 3411 1080 3473 sint,
1098 3408 1215 3462 vocabu-

225 3506 284 3562 lnm
300 3502 548 3576 longetiaiectnm,
567 3519 666 3563 novom
683 3505 794 3571 (κλύων)
818 3503 934 3558 illatum.
976 3502 1034 3557 Hoc
1057 3503 1099 3556 est
1124 3516 1216 3555 versus

227 3596 321 3662 fecere
339 3599 393 3652 non
410 3596 549 3652 emandare
567 3611 583 3648 a
600 3593 721 3650 librariis
738 3595 845 3665 vitiata.
1161 3582 1163 3587 ’

183 3686 382 3761 'lDinrlorfins
398 3689 534 3760 Engernm
552 3689 656 3742 secutus
675 3689 765 3741 totum
776 3702 882 3741 versum
902 3688 970 3743 1422
990 3684 1109 3752 (τοιαῦτ’
1135 3685 1215 3739 αἰιει-

228 3788 290 3842 λεῖν,
301 3784 367 3849 cet.)
391 3780 454 3835 tolli
471 3780 559 3844 iubet,
582 3779 654 3834 unde
671 3782 752 3833 natus
769 3778 813 3842 sit,
837 3794 890 3832 non
909 3793 1017 3846 curans3
1035 3777 1118 3833 habet
1136 3777 1216 3841 enim,

228 3890 294 3944 quos
312 3875 444 3944 increpet,
469 3871 674 3944 interpolatores
699 3870 774 3925 nullo
794 3885 903 3940 prorsus
927 3885 1013 3935 cansa
1036 3868 1109 3939 qnod
1126 3868 1216 3932 libuit,

228 3968 257 4022 in
275 3967 453 4022 alienissimos
474 3967 545 4022 locos
562 3965 722 4028 inferentem
746 3962 791 4018 sed
809 3961 876 4031 qnid
894 3960 1009 4021 deinde?
1049 3961 1082 4015 In
1099 3978 1125 4016 v.
1146 3961 1217 4016 1423

231 4060 325 4116 scribit
344 4057 439 4130 ἄρξειν
456 4079 500 4124 σε,
523 4058 594 4128 quod
617 4057 676 4126 (illo
699 4072 778 4111 aaran
800 4054 917 4127 sublato)
944 4053 1078 4109 sententia
1096 4051 1217 4107 futurum
