<?xml version="1.0" encoding="UTF-8"?>
<!DOCTYPE html PUBLIC "-//W3C//DTD XHTML 1.0 Transitional//EN"
    "http://www.w3.org/TR/xhtml1/DTD/xhtml1-transitional.dtd">
<html xmlns="http://www.w3.org/1999/xhtml" xml:lang="en" lang="en">
 <head>
  <title>
</title>
<meta http-equiv="Content-Type" content="text/html;charset=utf-8" />
  <meta name='ocr-system' content='tesseract 3.04.00' />
  <meta name='ocr-capabilities' content='ocr_page ocr_carea ocr_par ocr_line ocrx_word'/>
</head>
<body>
  <div class='ocr_page' id='page_1' title='image "./adversariacriti00madvgoog_0132.png"; bbox 0 0 2580 4530; ppageno 0'>
   <div class='ocr_carea' id='block_1_1' title="bbox 542 248 1084 316">
    <p class='ocr_par' dir='ltr' id='par_1_1' title="bbox 542 248 1084 316">
     <span class='ocr_line' id='line_1_1' title="bbox 542 248 1084 316; baseline -0.002 -12"><span class='ocrx_word' id='word_1_1' title='bbox 542 248 601 304; x_wconf 89' lang='lat' dir='ltr'><strong>Lib.</strong></span> <span class='ocrx_word' id='word_1_2' title='bbox 620 250 644 304; x_wconf 91' lang='lat'>1.</span> <span class='ocrx_word' id='word_1_3' title='bbox 1012 252 1084 316; x_wconf 70' lang='lat'>¹113</span> 
     </span>
    </p>
   </div>
   <div class='ocr_carea' id='block_1_2' title="bbox 41 446 1207 2226">
    <p class='ocr_par' dir='ltr' id='par_1_2' title="bbox 41 446 1207 2226">
     <span class='ocr_line' id='line_1_2' title="bbox 41 446 1126 536; baseline 0 -20"><span class='ocrx_word' id='word_1_4' title='bbox 41 454 132 516; x_wconf 85' lang='lat' dir='ltr'>tenet</span> <span class='ocrx_word' id='word_1_5' title='bbox 150 447 366 534; x_wconf 68' lang='grc' dir='ltr'><strong><em>ὠφελίμους,</em></strong></span> <span class='ocrx_word' id='word_1_6' title='bbox 388 447 421 511; x_wconf 94' lang='lat' dir='ltr'>in</span> <span class='ocrx_word' id='word_1_7' title='bbox 444 446 542 520; x_wconf 77' lang='lat' dir='ltr'>altaro</span> <span class='ocrx_word' id='word_1_8' title='bbox 562 448 667 509; x_wconf 86' lang='lat' dir='ltr'>tenere</span> <span class='ocrx_word' id='word_1_9' title='bbox 692 446 784 512; x_wconf 88' lang='lat' dir='ltr'>debet</span> <span class='ocrx_word' id='word_1_10' title='bbox 804 466 862 512; x_wconf 86' lang='lat' dir='ltr'>vox</span> <span class='ocrx_word' id='word_1_11' title='bbox 883 450 1087 514; x_wconf 87' lang='lat' dir='ltr'>eontrariae</span> <span class='ocrx_word' id='word_1_12' title='bbox 1062 470 1126 536; x_wconf 76' lang='lat' dir='ltr'>sig-</span> 
     </span>
     <span class='ocr_line' id='line_1_3' title="bbox 43 550 1127 642; baseline -0.002 -20"><span class='ocrx_word' id='word_1_13' title='bbox 43 556 260 631; x_wconf 79' lang='lat' dir='ltr'>nifieationis3</span> <span class='ocrx_word' id='word_1_14' title='bbox 285 574 353 638; x_wconf 86' lang='lat' dir='ltr'>quae</span> <span class='ocrx_word' id='word_1_15' title='bbox 375 552 522 637; x_wconf 87' lang='lat' dir='ltr'>quoniam</span> <span class='ocrx_word' id='word_1_16' title='bbox 545 550 654 633; x_wconf 78' lang='lat' dir='ltr'>duplex</span> <span class='ocrx_word' id='word_1_17' title='bbox 676 551 771 629; x_wconf 65' lang='lat' dir='ltr'>est}</span> <span class='ocrx_word' id='word_1_18' title='bbox 754 551 960 638; x_wconf 75' lang='grc' dir='ltr'><strong><em>ξυμφοράςθ</em></strong></span> <span class='ocrx_word' id='word_1_19' title='bbox 962 553 1127 642; x_wconf 75' lang='grc' dir='ltr'>ιβλαβάς</span> 
     </span>
     <span class='ocr_line' id='line_1_4' title="bbox 46 655 1126 745; baseline -0.001 -16"><span class='ocrx_word' id='word_1_20' title='bbox 46 666 136 745; x_wconf 89' lang='lat' dir='ltr'>(nam</span> <span class='ocrx_word' id='word_1_21' title='bbox 168 660 372 728; x_wconf 82' lang='lat' dir='ltr'>substantivo</span> <span class='ocrx_word' id='word_1_22' title='bbox 398 658 450 723; x_wconf 88' lang='lat' dir='ltr'>hie</span> <span class='ocrx_word' id='word_1_23' title='bbox 477 674 533 739; x_wconf 87' lang='lat' dir='ltr'>pro</span> <span class='ocrx_word' id='word_1_24' title='bbox 560 655 668 721; x_wconf 88' lang='lat' dir='ltr'>adieot</span> <span class='ocrx_word' id='word_1_25' title='bbox 660 674 708 720; x_wconf 84' lang='lat' dir='ltr'>no</span> <span class='ocrx_word' id='word_1_26' title='bbox 735 658 927 745; x_wconf 74' lang='lat' dir='ltr'>Thucydides</span> <span class='ocrx_word' id='word_1_27' title='bbox 954 681 1027 728; x_wconf 85' lang='lat' dir='ltr'>usus</span> <span class='ocrx_word' id='word_1_28' title='bbox 1057 665 1126 743; x_wconf 79' lang='lat' dir='ltr'>est),</span> 
     </span>
     <span class='ocr_line' id='line_1_5' title="bbox 46 760 1127 848; baseline 0 -14"><span class='ocrx_word' id='word_1_29' title='bbox 46 769 261 834; x_wconf 84' lang='lat' dir='ltr'>manifestum</span> <span class='ocrx_word' id='word_1_30' title='bbox 292 766 356 843; x_wconf 71' lang='lat' dir='ltr'>ost,</span> <span class='ocrx_word' id='word_1_31' title='bbox 388 765 522 830; x_wconf 89' lang='lat' dir='ltr'>alteram</span> <span class='ocrx_word' id='word_1_32' title='bbox 550 760 687 826; x_wconf 75' lang='lat' dir='ltr'>additam</span> <span class='ocrx_word' id='word_1_33' title='bbox 714 765 940 848; x_wconf 86' lang='lat' dir='ltr'>interpolando.</span> <span class='ocrx_word' id='word_1_34' title='bbox 955 785 1036 847; x_wconf 86' lang='lat' dir='ltr'>esse;</span> <span class='ocrx_word' id='word_1_35' title='bbox 1069 784 1127 835; x_wconf 83' lang='lat' dir='ltr'>noa</span> 
     </span>
     <span class='ocr_line' id='line_1_6' title="bbox 49 861 1128 963; baseline -0.002 -22"><span class='ocrx_word' id='word_1_36' title='bbox 49 877 224 941; x_wconf 76' lang='lat' dir='ltr'>obscurum</span> <span class='ocrx_word' id='word_1_37' title='bbox 247 875 307 950; x_wconf 81' lang='lat' dir='ltr'>est,</span> <span class='ocrx_word' id='word_1_38' title='bbox 328 873 361 936; x_wconf 89' lang='lat' dir='ltr'>et</span> <span class='ocrx_word' id='word_1_39' title='bbox 380 889 435 954; x_wconf 92' lang='lat' dir='ltr'>per</span> <span class='ocrx_word' id='word_1_40' title='bbox 457 887 491 933; x_wconf 89' lang='lat' dir='ltr'>se</span> <span class='ocrx_word' id='word_1_41' title='bbox 512 861 667 963; x_wconf 69' lang='grc' dir='ltr'><em>βλαροἕς,</em></span> <span class='ocrx_word' id='word_1_42' title='bbox 689 870 768 953; x_wconf 89' lang='lat' dir='ltr'>quod</span> <span class='ocrx_word' id='word_1_43' title='bbox 790 872 944 955; x_wconf 85' lang='lat' dir='ltr'>vulgarius</span> <span class='ocrx_word' id='word_1_44' title='bbox 967 874 1031 952; x_wconf 79' lang='lat' dir='ltr'>ost,</span> <span class='ocrx_word' id='word_1_45' title='bbox 1052 874 1128 940; x_wconf 84' lang='lat' dir='ltr'>faoi-</span> 
     </span>
     <span class='ocr_line' id='line_1_7' title="bbox 50 968 1129 1063; baseline 0.001 -19"><span class='ocrx_word' id='word_1_46' title='bbox 50 980 112 1047; x_wconf 86' lang='lat' dir='ltr'>lins</span> <span class='ocrx_word' id='word_1_47' title='bbox 134 998 238 1063; x_wconf 88' lang='lat' dir='ltr'>qnam</span> <span class='ocrx_word' id='word_1_48' title='bbox 261 968 437 1062; x_wconf 77' lang='grc' dir='ltr'><strong><em>ξυμφορᾰς</em></strong></span> <span class='ocrx_word' id='word_1_49' title='bbox 467 973 540 1039; x_wconf 89' lang='lat' dir='ltr'>addi</span> <span class='ocrx_word' id='word_1_50' title='bbox 564 975 699 1058; x_wconf 85' lang='lat' dir='ltr'>potuisse</span> <span class='ocrx_word' id='word_1_51' title='bbox 721 976 753 1040; x_wconf 89' lang='lat' dir='ltr'>et</span> <span class='ocrx_word' id='word_1_52' title='bbox 774 995 898 1043; x_wconf 90' lang='lat' dir='ltr'>omnem</span> <span class='ocrx_word' id='word_1_53' title='bbox 920 996 1051 1043; x_wconf 88' lang='lat' dir='ltr'>errorem</span> <span class='ocrx_word' id='word_1_54' title='bbox 1072 1000 1129 1045; x_wconf 92' lang='lat' dir='ltr'>na-</span> 
     </span>
     <span class='ocr_line' id='line_1_8' title="bbox 54 1072 1129 1168; baseline -0.002 -16"><span class='ocrx_word' id='word_1_55' title='bbox 54 1092 121 1151; x_wconf 88' lang='lat' dir='ltr'>tum</span> <span class='ocrx_word' id='word_1_56' title='bbox 145 1104 220 1152; x_wconf 86' lang='lat' dir='ltr'>esse</span> <span class='ocrx_word' id='word_1_57' title='bbox 245 1103 282 1149; x_wconf 86' lang='lat' dir='ltr'>ex</span> <span class='ocrx_word' id='word_1_58' title='bbox 304 1101 348 1161; x_wconf 81' lang='lat' dir='ltr'>eo,</span> <span class='ocrx_word' id='word_1_59' title='bbox 370 1082 470 1166; x_wconf 58' lang='lat' dir='ltr'>quod„</span> <span class='ocrx_word' id='word_1_60' title='bbox 485 1099 556 1146; x_wconf 86' lang='lat' dir='ltr'>oum</span> <span class='ocrx_word' id='word_1_61' title='bbox 579 1072 753 1166; x_wconf 69' lang='grc' dir='ltr'>ξυμφορᾶς</span> <span class='ocrx_word' id='word_1_62' title='bbox 774 1076 1023 1168; x_wconf 72' lang='grc' dir='ltr'>οιιιιιήμετέρας</span> <span class='ocrx_word' id='word_1_63' title='bbox 1036 1103 1129 1166; x_wconf 86' lang='lat' dir='ltr'>prave</span> 
     </span>
     <span class='ocr_line' id='line_1_9' title="bbox 56 1184 1129 1270; baseline -0.001 -13"><span class='ocrx_word' id='word_1_64' title='bbox 56 1192 261 1257; x_wconf 78' lang='lat' dir='ltr'>coniunctum</span> <span class='ocrx_word' id='word_1_65' title='bbox 277 1191 359 1254; x_wconf 91' lang='lat' dir='ltr'>esset</span> <span class='ocrx_word' id='word_1_66' title='bbox 375 1190 407 1253; x_wconf 88' lang='lat' dir='ltr'>et</span> <span class='ocrx_word' id='word_1_67' title='bbox 421 1205 478 1270; x_wconf 91' lang='lat' dir='ltr'>pro</span> <span class='ocrx_word' id='word_1_68' title='bbox 497 1187 632 1252; x_wconf 79' lang='lat' dir='ltr'>subiecto</span> <span class='ocrx_word' id='word_1_69' title='bbox 654 1184 805 1265; x_wconf 83' lang='lat' dir='ltr'>habitum,</span> <span class='ocrx_word' id='word_1_70' title='bbox 828 1189 1026 1270; x_wconf 75' lang='lat' dir='ltr'>praedicatum</span> <span class='ocrx_word' id='word_1_71' title='bbox 1048 1191 1129 1256; x_wconf 90' lang='lat' dir='ltr'>desi·</span> 
     </span>
     <span class='ocr_line' id='line_1_10' title="bbox 57 1289 1130 1382; baseline 0 -20"><span class='ocrx_word' id='word_1_72' title='bbox 57 1297 234 1362; x_wconf 80' lang='lat' dir='ltr'>donaretur.</span> <span class='ocrx_word' id='word_1_73' title='bbox 282 1295 391 1377; x_wconf 86' lang='lat' dir='ltr'>Itaque</span> <span class='ocrx_word' id='word_1_74' title='bbox 419 1292 465 1358; x_wconf 89' lang='lat' dir='ltr'>sio</span> <span class='ocrx_word' id='word_1_75' title='bbox 496 1291 690 1358; x_wconf 77' lang='lat' dir='ltr'>scribondum</span> <span class='ocrx_word' id='word_1_76' title='bbox 719 1293 782 1356; x_wconf 83' lang='lat' dir='ltr'>est:</span> <span class='ocrx_word' id='word_1_77' title='bbox 820 1289 881 1367; x_wconf 75' lang='grc' dir='ltr'>τοῖς</span> <span class='ocrx_word' id='word_1_78' title='bbox 904 1296 938 1361; x_wconf 76' lang='grc' dir='ltr'>δὲ</span> <span class='ocrx_word' id='word_1_79' title='bbox 961 1291 1130 1382; x_wconf 72' lang='grc' dir='ltr'>ἡμετέρας</span> 
     </span>
     <span class='ocr_line' id='line_1_11' title="bbox 58 1395 1130 1489; baseline 0.002 -23"><span class='ocrx_word' id='word_1_80' title='bbox 58 1395 243 1489; x_wconf 74' lang='grc' dir='ltr'>ξυμφοριιές</span> <span class='ocrx_word' id='word_1_81' title='bbox 257 1413 331 1473; x_wconf 79' lang='grc' dir='ltr'><strong><em>τοῖς</em></strong></span> <span class='ocrx_word' id='word_1_82' title='bbox 345 1395 536 1484; x_wconf 76' lang='grc' dir='ltr'>ξυμμάχοις</span> <span class='ocrx_word' id='word_1_83' title='bbox 552 1401 807 1483; x_wconf 68' lang='grc' dir='ltr'>καθισταμένας</span> <span class='ocrx_word' id='word_1_84' title='bbox 815 1400 851 1483; x_wconf 83' lang='lat'>¹).</span> <span class='ocrx_word' id='word_1_85' title='bbox 888 1401 1015 1481; x_wconf 86' lang='lat' dir='ltr'>Eadem,</span> <span class='ocrx_word' id='word_1_86' title='bbox 1037 1422 1130 1487; x_wconf 81' lang='lat' dir='ltr'>quam</span> 
     </span>
     <span class='ocr_line' id='line_1_12' title="bbox 58 1504 1133 1590; baseline -0.002 -15"><span class='ocrx_word' id='word_1_87' title='bbox 58 1511 123 1575; x_wconf 84' lang='lat' dir='ltr'>haee</span> <span class='ocrx_word' id='word_1_88' title='bbox 156 1507 305 1590; x_wconf 86' lang='lat' dir='ltr'>exempla</span> <span class='ocrx_word' id='word_1_89' title='bbox 329 1507 519 1583; x_wconf 76' lang='lat' dir='ltr'>monstrant,</span> <span class='ocrx_word' id='word_1_90' title='bbox 548 1505 599 1570; x_wconf 89' lang='lat' dir='ltr'>via</span> <span class='ocrx_word' id='word_1_91' title='bbox 628 1505 705 1570; x_wconf 85' lang='lat' dir='ltr'>alias</span> <span class='ocrx_word' id='word_1_92' title='bbox 730 1504 910 1572; x_wconf 88' lang='lat' dir='ltr'>mendorum</span> <span class='ocrx_word' id='word_1_93' title='bbox 939 1505 1070 1587; x_wconf 81' lang='lat' dir='ltr'>formas,</span> <span class='ocrx_word' id='word_1_94' title='bbox 1097 1509 1133 1573; x_wconf 88' lang='lat' dir='ltr'>ut</span> 
     </span>
     <span class='ocr_line' id='line_1_13' title="bbox 58 1593 1131 1695; baseline -0.002 -14"><span class='ocrx_word' id='word_1_95' title='bbox 58 1618 191 1681; x_wconf 83' lang='lat' dir='ltr'>lacunas</span> <span class='ocrx_word' id='word_1_96' title='bbox 215 1632 254 1678; x_wconf 85' lang='lat' dir='ltr'>ex</span> <span class='ocrx_word' id='word_1_97' title='bbox 274 1610 370 1677; x_wconf 80' lang='lat' dir='ltr'>simili</span> <span class='ocrx_word' id='word_1_98' title='bbox 391 1610 484 1679; x_wconf 87' lang='lat' dir='ltr'>verbo</span> <span class='ocrx_word' id='word_1_99' title='bbox 505 1611 551 1676; x_wconf 88' lang='lat' dir='ltr'>bis</span> <span class='ocrx_word' id='word_1_100' title='bbox 572 1611 672 1694; x_wconf 88' lang='lat' dir='ltr'>posito</span> <span class='ocrx_word' id='word_1_101' title='bbox 687 1612 780 1690; x_wconf 78' lang='lat' dir='ltr'>ortas,</span> <span class='ocrx_word' id='word_1_102' title='bbox 803 1593 988 1695; x_wconf 79' lang='lat' dir='ltr'>deprehendi</span> <span class='ocrx_word' id='word_1_103' title='bbox 1010 1616 1042 1679; x_wconf 91' lang='lat' dir='ltr'>et</span> <span class='ocrx_word' id='word_1_104' title='bbox 1063 1633 1131 1680; x_wconf 90' lang='lat' dir='ltr'>eor-</span> 
     </span>
     <span class='ocr_line' id='line_1_14' title="bbox 60 1716 1132 1807; baseline 0 -23"><span class='ocrx_word' id='word_1_105' title='bbox 60 1722 137 1807; x_wconf 83' lang='lat' dir='ltr'>rigi,</span> <span class='ocrx_word' id='word_1_106' title='bbox 168 1720 199 1784; x_wconf 91' lang='lat' dir='ltr'>si</span> <span class='ocrx_word' id='word_1_107' title='bbox 229 1716 296 1784; x_wconf 89' lang='lat' dir='ltr'>suis</span> <span class='ocrx_word' id='word_1_108' title='bbox 318 1719 350 1783; x_wconf 90' lang='lat' dir='ltr'>et</span> <span class='ocrx_word' id='word_1_109' title='bbox 370 1717 500 1801; x_wconf 89' lang='lat' dir='ltr'>propriis</span> <span class='ocrx_word' id='word_1_110' title='bbox 523 1717 668 1800; x_wconf 83' lang='lat' dir='ltr'>exemplis</span> <span class='ocrx_word' id='word_1_111' title='bbox 691 1717 839 1783; x_wconf 80' lang='lat' dir='ltr'>declarari</span> <span class='ocrx_word' id='word_1_112' title='bbox 861 1738 936 1802; x_wconf 89' lang='lat' dir='ltr'>opus</span> <span class='ocrx_word' id='word_1_113' title='bbox 960 1720 1024 1797; x_wconf 84' lang='lat' dir='ltr'>est,</span> <span class='ocrx_word' id='word_1_114' title='bbox 1051 1720 1132 1784; x_wconf 92' lang='lat' dir='ltr'>sumi</span> 
     </span>
     <span class='ocr_line' id='line_1_15' title="bbox 60 1822 1131 1911; baseline -0.002 -19"><span class='ocrx_word' id='word_1_115' title='bbox 60 1847 94 1892; x_wconf 83' lang='lat' dir='ltr'>ea</span> <span class='ocrx_word' id='word_1_116' title='bbox 116 1825 257 1911; x_wconf 87' lang='lat' dir='ltr'>possunt</span> <span class='ocrx_word' id='word_1_117' title='bbox 278 1842 314 1889; x_wconf 84' lang='lat' dir='ltr'>er</span> <span class='ocrx_word' id='word_1_118' title='bbox 336 1824 435 1906; x_wconf 88' lang='lat' dir='ltr'>primo</span> <span class='ocrx_word' id='word_1_119' title='bbox 458 1822 567 1904; x_wconf 79' lang='lat' dir='ltr'>eapite,</span> <span class='ocrx_word' id='word_1_120' title='bbox 589 1823 643 1888; x_wconf 83' lang='lat' dir='ltr'>ub&#39;i</span> <span class='ocrx_word' id='word_1_121' title='bbox 665 1824 703 1888; x_wconf 87' lang='lat' dir='ltr'>de</span> <span class='ocrx_word' id='word_1_122' title='bbox 722 1825 761 1890; x_wconf 91' lang='lat' dir='ltr'>iis</span> <span class='ocrx_word' id='word_1_123' title='bbox 776 1825 955 1890; x_wconf 85' lang='lat' dir='ltr'>mendorum</span> <span class='ocrx_word' id='word_1_124' title='bbox 969 1825 1131 1910; x_wconf 87' lang='lat' dir='ltr'>generibus</span> 
     </span>
     <span class='ocr_line' id='line_1_16' title="bbox 60 1928 1132 2012; baseline -0.005 -12"><span class='ocrx_word' id='word_1_125' title='bbox 60 1934 183 2000; x_wconf 83' lang='lat' dir='ltr'>dietum</span> <span class='ocrx_word' id='word_1_126' title='bbox 206 1933 268 1997; x_wconf 81' lang='lat' dir='ltr'>est</span> <span class='ocrx_word' id='word_1_127' title='bbox 317 1930 427 2012; x_wconf 88' lang='lat' dir='ltr'>Itaque</span> <span class='ocrx_word' id='word_1_128' title='bbox 450 1928 557 1994; x_wconf 80' lang='lat' dir='ltr'>Graeoa</span> <span class='ocrx_word' id='word_1_129' title='bbox 585 1929 651 1994; x_wconf 88' lang='lat' dir='ltr'>haee</span> <span class='ocrx_word' id='word_1_130' title='bbox 673 1930 840 2012; x_wconf 79' lang='lat' dir='ltr'>sufficiant3</span> <span class='ocrx_word' id='word_1_131' title='bbox 877 1931 1070 1995; x_wconf 89' lang='lat' dir='ltr'>transeamus</span> <span class='ocrx_word' id='word_1_132' title='bbox 1092 1930 1132 1996; x_wconf 92' lang='lat' dir='ltr'>ad</span> 
     </span>
     <span class='ocr_line' id='line_1_17' title="bbox 60 2034 1132 2120; baseline -0.004 -14"><span class='ocrx_word' id='word_1_133' title='bbox 60 2041 186 2106; x_wconf 78' lang='lat' dir='ltr'>Latina</span> <span class='ocrx_word' id='word_1_134' title='bbox 232 2037 347 2101; x_wconf 88' lang='lat' dir='ltr'>Eorum</span> <span class='ocrx_word' id='word_1_135' title='bbox 361 2035 498 2117; x_wconf 89' lang='lat' dir='ltr'>primum</span> <span class='ocrx_word' id='word_1_136' title='bbox 513 2034 597 2100; x_wconf 88' lang='lat' dir='ltr'>dabit</span> <span class='ocrx_word' id='word_1_137' title='bbox 607 2035 748 2101; x_wconf 89' lang='lat' dir='ltr'>Valerius</span> <span class='ocrx_word' id='word_1_138' title='bbox 760 2034 922 2112; x_wconf 83' lang='lat' dir='ltr'>Maximus,</span> <span class='ocrx_word' id='word_1_139' title='bbox 945 2035 1027 2119; x_wconf 89' lang='lat' dir='ltr'>apud</span> <span class='ocrx_word' id='word_1_140' title='bbox 1040 2056 1132 2120; x_wconf 87' lang='lat' dir='ltr'>quem</span> 
     </span>
     <span class='ocr_line' id='line_1_18' title="bbox 61 2141 1207 2226; baseline -0.004 -14"><span class='ocrx_word' id='word_1_141' title='bbox 61 2148 116 2221; x_wconf 86' lang='lat'>111,</span> <span class='ocrx_word' id='word_1_142' title='bbox 139 2145 214 2210; x_wconf 63' lang='grc' dir='ltr'>ΞΕ.</span> <span class='ocrx_word' id='word_1_143' title='bbox 240 2145 259 2204; x_wconf 81' lang='lat'>5</span> <span class='ocrx_word' id='word_1_144' title='bbox 282 2143 320 2207; x_wconf 93' lang='lat' dir='ltr'>de</span> <span class='ocrx_word' id='word_1_145' title='bbox 341 2141 556 2226; x_wconf 81' lang='lat' dir='ltr'>Epaminonda</span> <span class='ocrx_word' id='word_1_146' title='bbox 577 2142 725 2208; x_wconf 88' lang='lat' dir='ltr'>moriente</span> <span class='ocrx_word' id='word_1_147' title='bbox 746 2141 811 2207; x_wconf 82' lang='lat' dir='ltr'>haeo</span> <span class='ocrx_word' id='word_1_148' title='bbox 831 2142 992 2226; x_wconf 87' lang='lat' dir='ltr'>leguntur:</span> <span class='ocrx_word' id='word_1_149' title='bbox 1017 2161 1034 2207; x_wconf 94' lang='lat' dir='ltr'>e</span> <span class='ocrx_word' id='word_1_150' title='bbox 1056 2162 1133 2208; x_wconf 87' lang='lat' dir='ltr'>eor·</span> <span class='ocrx_word' id='word_1_151' title='bbox 1204 2178 1207 2185; x_wconf 95' lang='lat'>·</span> 
     </span>
    </p>
   </div>
   <div class='ocr_carea' id='block_1_3' title="bbox 63 2226 1136 2757">
    <p class='ocr_par' dir='ltr' id='par_1_3' title="bbox 63 2226 1134 2757">
     <span class='ocr_line' id='line_1_19' title="bbox 63 2226 1133 2336; baseline -0.004 -18"><span class='ocrx_word' id='word_1_152' title='bbox 63 2272 152 2336; x_wconf 90' lang='lat' dir='ltr'>pore</span> <span class='ocrx_word' id='word_1_153' title='bbox 179 2248 321 2314; x_wconf 90' lang='lat' dir='ltr'>deinde</span> <span class='ocrx_word' id='word_1_154' title='bbox 335 2267 401 2313; x_wconf 89' lang='lat' dir='ltr'>suo</span> <span class='ocrx_word' id='word_1_155' title='bbox 418 2226 570 2312; x_wconf 82' lang='lat' dir='ltr'>liastam</span> <span class='ocrx_word' id='word_1_156' title='bbox 585 2246 699 2313; x_wconf 88' lang='lat' dir='ltr'>oduei</span> <span class='ocrx_word' id='word_1_157' title='bbox 714 2247 831 2313; x_wconf 88' lang='lat' dir='ltr'>iussit</span> <span class='ocrx_word' id='word_1_158' title='bbox 845 2266 960 2331; x_wconf 90' lang='lat' dir='ltr'>eoque</span> <span class='ocrx_word' id='word_1_159' title='bbox 975 2249 1133 2314; x_wconf 83' lang='lat' dir='ltr'>vulnere</span> 
     </span>
     <span class='ocr_line' id='line_1_20' title="bbox 64 2353 1134 2442; baseline -0.003 -18"><span class='ocrx_word' id='word_1_160' title='bbox 64 2355 284 2442; x_wconf 77' lang='lat' dir='ltr'>expiravit</span> <span class='ocrx_word' id='word_1_161' title='bbox 307 2373 376 2437; x_wconf 89' lang='lat' dir='ltr'>quo</span> <span class='ocrx_word' id='word_1_162' title='bbox 400 2354 457 2432; x_wconf 89' lang='lat' dir='ltr'>(sio</span> <span class='ocrx_word' id='word_1_163' title='bbox 479 2353 570 2418; x_wconf 83' lang='lat' dir='ltr'>oodex</span> <span class='ocrx_word' id='word_1_164' title='bbox 588 2353 631 2428; x_wconf 89' lang='lat' dir='ltr'>B;</span> <span class='ocrx_word' id='word_1_165' title='bbox 655 2353 831 2436; x_wconf 88' lang='lat' dir='ltr'>interpolati</span> <span class='ocrx_word' id='word_1_166' title='bbox 853 2354 977 2438; x_wconf 90' lang='lat' dir='ltr'>quod)</span> <span class='ocrx_word' id='word_1_167' title='bbox 1006 2356 1033 2420; x_wconf 91' lang='lat' dir='ltr'>si</span> <span class='ocrx_word' id='word_1_168' title='bbox 1054 2374 1134 2421; x_wconf 88' lang='lat' dir='ltr'>eum</span> 
     </span>
     <span class='ocr_line' id='line_1_21' title="bbox 65 2459 1134 2543; baseline -0.002 -14"><span class='ocrx_word' id='word_1_169' title='bbox 65 2466 99 2528; x_wconf 89' lang='lat' dir='ltr'>di</span> <span class='ocrx_word' id='word_1_170' title='bbox 119 2460 374 2529; x_wconf 89' lang='lat' dir='ltr'>immortales</span> <span class='ocrx_word' id='word_1_171' title='bbox 397 2459 575 2524; x_wconf 84' lang='lat' dir='ltr'>victoriis</span> <span class='ocrx_word' id='word_1_172' title='bbox 598 2459 678 2523; x_wconf 88' lang='lat' dir='ltr'>suis</span> <span class='ocrx_word' id='word_1_173' title='bbox 699 2459 848 2542; x_wconf 89' lang='lat' dir='ltr'>perfrui</span> <span class='ocrx_word' id='word_1_174' title='bbox 869 2462 975 2542; x_wconf 87' lang='lat' dir='ltr'>passi</span> <span class='ocrx_word' id='word_1_175' title='bbox 996 2464 1134 2543; x_wconf 83' lang='lat' dir='ltr'><strong>essent</strong></span> 
     </span>
     <span class='ocr_line' id='line_1_22' title="bbox 67 2564 1136 2652; baseline -0.001 -16"><span class='ocrx_word' id='word_1_176' title='bbox 67 2588 207 2652; x_wconf 86' lang='lat' dir='ltr'>sospes</span> <span class='ocrx_word' id='word_1_177' title='bbox 239 2567 380 2651; x_wconf 87' lang='lat' dir='ltr'>patriae</span> <span class='ocrx_word' id='word_1_178' title='bbox 407 2564 543 2629; x_wconf 87' lang='lat' dir='ltr'>moenia</span> <span class='ocrx_word' id='word_1_179' title='bbox 570 2565 608 2628; x_wconf 93' lang='lat' dir='ltr'>in</span> <span class='ocrx_word' id='word_1_180' title='bbox 616 2565 771 2630; x_wconf 87' lang='lat' dir='ltr'>t.rasset</span> <span class='ocrx_word' id='word_1_181' title='bbox 819 2567 1025 2632; x_wconf 86' lang='lat' dir='ltr'>Asententia</span> <span class='ocrx_word' id='word_1_182' title='bbox 1046 2571 1136 2634; x_wconf 85' lang='lat' dir='ltr'>aber-</span> 
     </span>
     <span class='ocr_line' id='line_1_23' title="bbox 67 2669 1135 2757; baseline 0 -15"><span class='ocrx_word' id='word_1_183' title='bbox 67 2678 176 2742; x_wconf 84' lang='lat' dir='ltr'>rarnnt</span> <span class='ocrx_word' id='word_1_184' title='bbox 200 2691 301 2754; x_wconf 88' lang='lat' dir='ltr'>nuper</span> <span class='ocrx_word' id='word_1_185' title='bbox 322 2669 512 2735; x_wconf 83' lang='lat' dir='ltr'>Eoertsohius</span> <span class='ocrx_word' id='word_1_186' title='bbox 539 2671 571 2734; x_wconf 87' lang='lat' dir='ltr'>et</span> <span class='ocrx_word' id='word_1_187' title='bbox 591 2670 750 2748; x_wconf 79' lang='lat' dir='ltr'>Halmius,</span> <span class='ocrx_word' id='word_1_188' title='bbox 786 2671 838 2753; x_wconf 90' lang='lat' dir='ltr'>qui</span> <span class='ocrx_word' id='word_1_189' title='bbox 869 2671 913 2737; x_wconf 86' lang='lat' dir='ltr'>sie</span> <span class='ocrx_word' id='word_1_190' title='bbox 935 2674 1135 2757; x_wconf 87' lang='lat' dir='ltr'>seripserunt:</span> 
     </span>
    </p>
   </div>
   <div class='ocr_carea' id='block_1_4' title="bbox 69 2775 1208 2971">
    <p class='ocr_par' dir='ltr' id='par_1_4' title="bbox 69 2775 1208 2971">
     <span class='ocr_line' id='line_1_24' title="bbox 69 2775 1136 2867; baseline 0 -19"><span class='ocrx_word' id='word_1_191' title='bbox 69 2779 277 2867; x_wconf 79' lang='lat' dir='ltr'>expiravit.</span> <span class='ocrx_word' id='word_1_192' title='bbox 332 2775 445 2856; x_wconf 80' lang='lat' dir='ltr'>Quid,</span> <span class='ocrx_word' id='word_1_193' title='bbox 468 2795 570 2840; x_wconf 76' lang='grc' dir='ltr'>ιι...</span> <span class='ocrx_word' id='word_1_194' title='bbox 591 2795 697 2858; x_wconf 85' lang='lat' dir='ltr'>passi</span> <span class='ocrx_word' id='word_1_195' title='bbox 720 2779 910 2844; x_wconf 88' lang='lat' dir='ltr'>essentet</span> <span class='ocrx_word' id='word_1_196' title='bbox 931 2795 1136 2864; x_wconf 88' lang='lat' dir='ltr'>sospes...</span> 
     </span>
     <span class='ocr_line' id='line_1_25' title="bbox 69 2882 1208 2971; baseline 0.003 -18"><span class='ocrx_word' id='word_1_197' title='bbox 69 2885 296 2953; x_wconf 77' lang='lat' dir='ltr'>intrasset?</span> <span class='ocrx_word' id='word_1_198' title='bbox 348 2884 416 2947; x_wconf 88' lang='lat' dir='ltr'>Hoo</span> <span class='ocrx_word' id='word_1_199' title='bbox 442 2882 523 2946; x_wconf 87' lang='lat' dir='ltr'>enim</span> <span class='ocrx_word' id='word_1_200' title='bbox 545 2882 596 2947; x_wconf 79' lang='lat' dir='ltr'>‘sio</span> <span class='ocrx_word' id='word_1_201' title='bbox 617 2883 837 2968; x_wconf 77' lang='lat' dir='ltr'>interrogatur,</span> <span class='ocrx_word' id='word_1_202' title='bbox 867 2888 953 2968; x_wconf 90' lang='lat' dir='ltr'>quasi</span> <span class='ocrx_word' id='word_1_203' title='bbox 982 2889 1137 2971; x_wconf 85' lang='lat' dir='ltr'>expirandi</span> <span class='ocrx_word' id='word_1_204' title='bbox 1205 2946 1208 2957; x_wconf 92' lang='lat'><em>.</em></span> 
     </span>
    </p>
   </div>
   <div class='ocr_carea' id='block_1_5' title="bbox 70 2988 1262 3077">
    <p class='ocr_par' dir='ltr' id='par_1_5' title="bbox 70 2988 1262 3077">
     <span class='ocr_line' id='line_1_26' title="bbox 70 2988 1262 3077; baseline 0.007 -26"><span class='ocrx_word' id='word_1_205' title='bbox 70 2996 159 3059; x_wconf 83' lang='lat' dir='ltr'>rerbo</span> <span class='ocrx_word' id='word_1_206' title='bbox 185 3009 311 3074; x_wconf 85' lang='lat' dir='ltr'>magnae</span> <span class='ocrx_word' id='word_1_207' title='bbox 334 2989 462 3053; x_wconf 85' lang='lat' dir='ltr'>alieuius</span> <span class='ocrx_word' id='word_1_208' title='bbox 484 2989 528 3053; x_wconf 88' lang='lat' dir='ltr'>roi</span> <span class='ocrx_word' id='word_1_209' title='bbox 549 2988 670 3054; x_wconf 85' lang='lat' dir='ltr'>effectio</span> <span class='ocrx_word' id='word_1_210' title='bbox 692 2988 864 3073; x_wconf 80' lang='lat' dir='ltr'>significata</span> <span class='ocrx_word' id='word_1_211' title='bbox 884 2993 934 3070; x_wconf 80' lang='lat' dir='ltr'>sit,</span> <span class='ocrx_word' id='word_1_212' title='bbox 962 3013 1021 3077; x_wconf 90' lang='lat' dir='ltr'>qua</span> <span class='ocrx_word' id='word_1_213' title='bbox 1044 2995 1137 3058; x_wconf 88' lang='lat' dir='ltr'>etiam</span> <span class='ocrx_word' id='word_1_214' title='bbox 1259 3044 1262 3049; x_wconf 86' lang='lat'>.</span> 
     </span>
    </p>
   </div>
   <div class='ocr_carea' id='block_1_6' title="bbox 70 3094 1197 3916">
    <p class='ocr_par' dir='ltr' id='par_1_6' title="bbox 70 3094 1197 3916">
     <span class='ocr_line' id='line_1_27' title="bbox 70 3094 1137 3177; baseline -0.002 -12"><span class='ocrx_word' id='word_1_215' title='bbox 70 3102 190 3165; x_wconf 87' lang='lat' dir='ltr'>maiora</span> <span class='ocrx_word' id='word_1_216' title='bbox 215 3097 380 3162; x_wconf 83' lang='lat' dir='ltr'>effecturus</span> <span class='ocrx_word' id='word_1_217' title='bbox 402 3094 629 3177; x_wconf 80' lang='lat' dir='ltr'>Epaminondas</span> <span class='ocrx_word' id='word_1_218' title='bbox 651 3095 757 3175; x_wconf 78' lang='lat' dir='ltr'>fuerit,</span> <span class='ocrx_word' id='word_1_219' title='bbox 786 3097 812 3162; x_wconf 90' lang='lat' dir='ltr'>si</span> <span class='ocrx_word' id='word_1_220' title='bbox 835 3098 970 3164; x_wconf 85' lang='lat' dir='ltr'>vixisset.</span> <span class='ocrx_word' id='word_1_221' title='bbox 1012 3101 1137 3164; x_wconf 81' lang='lat' dir='ltr'>Rectius</span> 
     </span>
     <span class='ocr_line' id='line_1_28' title="bbox 71 3194 1197 3283; baseline -0.003 -13"><span class='ocrx_word' id='word_1_222' title='bbox 71 3204 252 3272; x_wconf 78' lang='lat' dir='ltr'>Perizonius</span> <span class='ocrx_word' id='word_1_223' title='bbox 273 3201 387 3277; x_wconf 73' lang='lat' dir='ltr'>sensit,</span> <span class='ocrx_word' id='word_1_224' title='bbox 414 3200 516 3283; x_wconf 88' lang='lat' dir='ltr'>inepte</span> <span class='ocrx_word' id='word_1_225' title='bbox 542 3200 606 3275; x_wconf 87' lang='lat' dir='ltr'>hio,</span> <span class='ocrx_word' id='word_1_226' title='bbox 634 3194 797 3283; x_wconf 86' lang='lat' dir='ltr'>postquam</span> <span class='ocrx_word' id='word_1_227' title='bbox 818 3202 925 3269; x_wconf 92' lang='lat' dir='ltr'>multis</span> <span class='ocrx_word' id='word_1_228' title='bbox 947 3205 1046 3269; x_wconf 86' lang='lat' dir='ltr'>verbis</span> <span class='ocrx_word' id='word_1_229' title='bbox 1068 3222 1138 3268; x_wconf 90' lang='lat' dir='ltr'>nar·</span> <span class='ocrx_word' id='word_1_230' title='bbox 1195 3212 1197 3216; x_wconf 83' lang='lat'>&#39;</span> 
     </span>
     <span class='ocr_line' id='line_1_29' title="bbox 70 3305 1139 3391; baseline -0.006 -12"><span class='ocrx_word' id='word_1_231' title='bbox 70 3316 174 3379; x_wconf 81' lang='lat' dir='ltr'>ratum</span> <span class='ocrx_word' id='word_1_232' title='bbox 198 3310 254 3388; x_wconf 89' lang='lat' dir='ltr'>sit,</span> <span class='ocrx_word' id='word_1_233' title='bbox 277 3306 351 3389; x_wconf 90' lang='lat' dir='ltr'>quid</span> <span class='ocrx_word' id='word_1_234' title='bbox 374 3305 601 3388; x_wconf 80' lang='lat' dir='ltr'>Epaminondas</span> <span class='ocrx_word' id='word_1_235' title='bbox 634 3306 811 3370; x_wconf 89' lang='lat' dir='ltr'>vulneratus</span> <span class='ocrx_word' id='word_1_236' title='bbox 832 3308 940 3372; x_wconf 82' lang='lat' dir='ltr'>fecerit</span> <span class='ocrx_word' id='word_1_237' title='bbox 961 3308 1139 3391; x_wconf 80' lang='lat' dir='ltr'>dixeritque,</span> 
     </span>
     <span class='ocr_line' id='line_1_30' title="bbox 70 3410 1139 3495; baseline -0.007 -11"><span class='ocrx_word' id='word_1_238' title='bbox 70 3417 211 3484; x_wconf 81' lang='lat' dir='ltr'>raineris</span> <span class='ocrx_word' id='word_1_239' title='bbox 239 3430 353 3478; x_wconf 89' lang='lat' dir='ltr'>nomen</span> <span class='ocrx_word' id='word_1_240' title='bbox 374 3410 448 3494; x_wconf 90' lang='lat' dir='ltr'>poni</span> <span class='ocrx_word' id='word_1_241' title='bbox 471 3416 601 3495; x_wconf 86' lang='lat' dir='ltr'>(eoque</span> <span class='ocrx_word' id='word_1_242' title='bbox 622 3413 794 3488; x_wconf 83' lang='lat' dir='ltr'>vulnere,</span> <span class='ocrx_word' id='word_1_243' title='bbox 815 3415 902 3495; x_wconf 89' lang='lat' dir='ltr'>quasi</span> <span class='ocrx_word' id='word_1_244' title='bbox 922 3412 1012 3477; x_wconf 89' lang='lat' dir='ltr'>hasta</span> <span class='ocrx_word' id='word_1_245' title='bbox 1033 3431 1049 3475; x_wconf 90' lang='lat' dir='ltr'>e</span> <span class='ocrx_word' id='word_1_246' title='bbox 1071 3413 1139 3478; x_wconf 85' lang='lat' dir='ltr'>vul·</span> 
     </span>
     <span class='ocr_line' id='line_1_31' title="bbox 71 3517 1140 3600; baseline -0.007 -9"><span class='ocrx_word' id='word_1_247' title='bbox 71 3545 138 3591; x_wconf 85' lang='lat' dir='ltr'>nere</span> <span class='ocrx_word' id='word_1_248' title='bbox 178 3520 295 3587; x_wconf 89' lang='lat' dir='ltr'>eduota</span> <span class='ocrx_word' id='word_1_249' title='bbox 324 3518 393 3600; x_wconf 89' lang='lat' dir='ltr'>ipsa</span> <span class='ocrx_word' id='word_1_250' title='bbox 425 3517 534 3580; x_wconf 85' lang='lat' dir='ltr'>vulnus</span> <span class='ocrx_word' id='word_1_251' title='bbox 570 3517 631 3599; x_wconf 80' lang='lat' dir='ltr'>sit).</span> <span class='ocrx_word' id='word_1_252' title='bbox 690 3517 890 3583; x_wconf 86' lang='lat' dir='ltr'>Manifestum</span> <span class='ocrx_word' id='word_1_253' title='bbox 925 3518 973 3581; x_wconf 92' lang='lat' dir='ltr'>est</span> <span class='ocrx_word' id='word_1_254' title='bbox 1008 3535 1043 3581; x_wconf 85' lang='lat' dir='ltr'>ex</span> <span class='ocrx_word' id='word_1_255' title='bbox 1074 3519 1140 3583; x_wconf 89' lang='lat' dir='ltr'>tota</span> 
     </span>
     <span class='ocr_line' id='line_1_32' title="bbox 71 3623 1138 3706; baseline -0.007 -14"><span class='ocrx_word' id='word_1_256' title='bbox 71 3627 221 3694; x_wconf 79' lang='lat' dir='ltr'>orationis</span> <span class='ocrx_word' id='word_1_257' title='bbox 243 3623 345 3688; x_wconf 83' lang='lat' dir='ltr'>forma</span> <span class='ocrx_word' id='word_1_258' title='bbox 368 3623 611 3706; x_wconf 89' lang='lat' dir='ltr'>(eo...qno,</span> <span class='ocrx_word' id='word_1_259' title='bbox 634 3623 885 3704; x_wconf 86' lang='lat' dir='ltr'>si...passi</span> <span class='ocrx_word' id='word_1_260' title='bbox 907 3626 1045 3702; x_wconf 89' lang='lat' dir='ltr'>essent,</span> <span class='ocrx_word' id='word_1_261' title='bbox 1069 3672 1076 3688; x_wconf 87' lang='lat'><strong>.</strong></span> <span class='ocrx_word' id='word_1_262' title='bbox 1100 3672 1138 3689; x_wconf 88' lang='lat'>..</span> 
     </span>
     <span class='ocr_line' id='line_1_33' title="bbox 72 3727 1140 3813; baseline -0.006 -12"><span class='ocrx_word' id='word_1_263' title='bbox 72 3732 302 3811; x_wconf 84' lang='lat' dir='ltr'>intrasset),</span> <span class='ocrx_word' id='word_1_264' title='bbox 325 3728 384 3792; x_wconf 91' lang='lat' dir='ltr'>hoe</span> <span class='ocrx_word' id='word_1_265' title='bbox 406 3727 475 3806; x_wconf 87' lang='lat' dir='ltr'>diei,</span> <span class='ocrx_word' id='word_1_266' title='bbox 497 3729 741 3812; x_wconf 86' lang='lat' dir='ltr'>Epaminondam</span> <span class='ocrx_word' id='word_1_267' title='bbox 762 3728 794 3791; x_wconf 93' lang='lat' dir='ltr'>in</span> <span class='ocrx_word' id='word_1_268' title='bbox 816 3728 883 3809; x_wconf 92' lang='lat' dir='ltr'>ipsa</span> <span class='ocrx_word' id='word_1_269' title='bbox 904 3729 1003 3792; x_wconf 89' lang='lat' dir='ltr'>morte</span> <span class='ocrx_word' id='word_1_270' title='bbox 1025 3730 1140 3813; x_wconf 90' lang='lat' dir='ltr'>aliquid</span> 
     </span>
     <span class='ocr_line' id='line_1_34' title="bbox 73 3832 1140 3916; baseline -0.007 -9"><span class='ocrx_word' id='word_1_271' title='bbox 73 3841 220 3906; x_wconf 84' lang='lat' dir='ltr'>tabuisse</span> <span class='ocrx_word' id='word_1_272' title='bbox 236 3836 332 3913; x_wconf 79' lang='lat' dir='ltr'>idem,</span> <span class='ocrx_word' id='word_1_273' title='bbox 356 3832 446 3916; x_wconf 87' lang='lat' dir='ltr'>quod,</span> <span class='ocrx_word' id='word_1_274' title='bbox 469 3834 496 3899; x_wconf 94' lang='lat' dir='ltr'>si</span> <span class='ocrx_word' id='word_1_275' title='bbox 509 3835 540 3899; x_wconf 92' lang='lat' dir='ltr'>di</span> <span class='ocrx_word' id='word_1_276' title='bbox 556 3835 676 3908; x_wconf 89' lang='lat' dir='ltr'>sissent,</span> <span class='ocrx_word' id='word_1_277' title='bbox 700 3835 858 3899; x_wconf 89' lang='lat' dir='ltr'>habiturus</span> <span class='ocrx_word' id='word_1_278' title='bbox 873 3832 966 3896; x_wconf 84' lang='lat' dir='ltr'>fuerit</span> <span class='ocrx_word' id='word_1_279' title='bbox 979 3833 1140 3901; x_wconf 85' lang='lat' dir='ltr'>laetissimo</span> 
     </span>
    </p>
   </div>
   <div class='ocr_carea' id='block_1_7' title="bbox 106 4067 965 4140">
    <p class='ocr_par' dir='ltr' id='par_1_7' title="bbox 106 4067 965 4140">
     <span class='ocr_line' id='line_1_35' title="bbox 106 4067 965 4140; baseline -0.006 -13"><span class='ocrx_word' id='word_1_280' title='bbox 106 4074 128 4135; x_wconf 83' lang='lat'>¹)</span> <span class='ocrx_word' id='word_1_281' title='bbox 146 4072 208 4127; x_wconf 78' lang='lat' dir='ltr'>Boe</span> <span class='ocrx_word' id='word_1_282' title='bbox 226 4069 307 4140; x_wconf 89' lang='lat' dir='ltr'>posui</span> <span class='ocrx_word' id='word_1_283' title='bbox 326 4069 357 4121; x_wconf 89' lang='lat' dir='ltr'>in</span> <span class='ocrx_word' id='word_1_284' title='bbox 377 4067 467 4121; x_wconf 75' lang='lat' dir='ltr'>annm.</span> <span class='ocrx_word' id='word_1_285' title='bbox 486 4068 581 4137; x_wconf 77' lang='lat' dir='ltr'>philoi</span> <span class='ocrx_word' id='word_1_286' title='bbox 600 4069 711 4125; x_wconf 87' lang='lat' dir='ltr'>Daniois</span> <span class='ocrx_word' id='word_1_287' title='bbox 731 4069 743 4121; x_wconf 90' lang='grc' dir='ltr'>Ι</span> <span class='ocrx_word' id='word_1_288' title='bbox 762 4084 787 4136; x_wconf 92' lang='lat' dir='ltr'>p.</span> <span class='ocrx_word' id='word_1_289' title='bbox 806 4070 839 4123; x_wconf 85' lang='lat'>41</span> <span class='ocrx_word' id='word_1_290' title='bbox 860 4072 888 4122; x_wconf 82' lang='lat' dir='ltr'>et</span> <span class='ocrx_word' id='word_1_291' title='bbox 907 4070 965 4126; x_wconf 79' lang='lat'>174.</span> 
     </span>
    </p>
   </div>
   <div class='ocr_carea' id='block_1_8' title="bbox 118 4161 942 4213">
    <p class='ocr_par' dir='ltr' id='par_1_8' title="bbox 118 4161 942 4213">
     <span class='ocr_line' id='line_1_36' title="bbox 118 4161 942 4213; baseline -0.006 -14"><span class='ocrx_word' id='word_1_292' title='bbox 118 4164 231 4199; x_wconf 71' lang='lat' dir='ltr'>noviei!</span> <span class='ocrx_word' id='word_1_293' title='bbox 243 4164 326 4196; x_wconf 72' lang='lat' dir='ltr'>AAAAA</span> <span class='ocrx_word' id='word_1_294' title='bbox 338 4161 391 4195; x_wconf 74' lang='lat' dir='ltr'>cuv.</span> <span class='ocrx_word' id='word_1_295' title='bbox 928 4167 942 4213; x_wconf 68' lang='lat' dir='ltr'>g</span> 
     </span>
    </p>
   </div>
   <div class='ocr_carea' id='block_1_9' title="bbox 0 0 1318 4530">
    <p class='ocr_par' dir='ltr' id='par_1_9' title="bbox 0 0 1318 4530">
     <span class='ocr_line' id='line_1_37' title="bbox 0 0 1318 4530; baseline 0 0"><span class='ocrx_word' id='word_1_296' title='bbox 0 0 1318 4530; x_wconf 95' lang='lat' dir='ltr'> </span> 
     </span>
    </p>
   </div>
  </div>
 </body>
</html>
