2580 4530
573 227 633 289 nce.
651 228 690 285 11.
1069 230 1129 297 193
1183 316 1189 343 Ι
1252 198 1257 207 ’

124 447 218 494 nomen
239 428 493 495 conservaturum
513 428 570 494 sit:
593 419 775 495 Ἐνταυθα
808 423 850 514 δή
881 455 918 496 οε
940 425 1033 505 Ζεάς
1054 428 1169 517 τίθηά

122 527 317 620 ἐγνάμονα
337 536 344 617 Ι
363 534 504 620 ἐπαφῶν
535 528 680 621 άταρβεῑ
702 536 786 622 χειρὶ
804 536 859 603 οιαὶ
880 533 992 624 θιγων
1017 531 1139 623 μόνον.
1165 540 1169 623 l

120 633 329 727 Ἐπάνυμον
352 639 387 709 ee
408 641 477 723 τοῖν
499 634 583 714 Arde
613 635 842 728 γεννημάτων
861 648 866 722 Ι
885 646 988 720 τέξεις
1015 639 1172 712 κελαινόν

114 744 275 834 Ἔπαφον.
335 744 419 813 Nam
445 741 671 835 γεννημάτων
702 762 815 815 nomen
835 749 917 819 recte
939 748 976 814 de
997 751 1079 818 Iovis
1100 770 1172 836 pro·

116 855 260 921 creatione
290 854 327 919 et
354 853 419 918 eius
450 854 599 939 singulari
632 854 723 921 modo
754 854 878 938 ponitur
902 856 1094 938 praecedente
1118 858 1172 924 illo

114 960 251 1046 ἐπαφῶν
273 959 329 1025 κοιλ
350 952 474 1045 θιγών,
496 960 537 1026 ad
561 961 642 1045 quod
662 959 740 1026 illud
763 959 902 1025 refertur

202 1065 273 1133 Ibd.
307 1065 367 1129 859
395 1065 448 1147 (de
468 1065 663 1151 Aigyptiadis
691 1066 845 1132 Danaides
878 1068 1026 1151 tauquam
1059 1069 1173 1151 accipi-

111 1173 204 1241 tibus
253 1172 413 1238 columbas
453 1172 703 1257 persequentibus
753 1191 810 1236 nec
852 1175 956 1259 tamen
996 1175 1173 1258 nuptiarum

111 1282 243 1346 finctum
265 1277 485 1362 peroptaret

234 1381 385 1462 Ἥξουοι
406 1374 617 1471 θηρεύοντεὲ
639 1377 680 1450 ου’
700 1385 918 1472 θηρασίμους

241 1489 391 1579 γάμους·
415 1485 552 1575 φθόνον
581 1487 616 1557 cs
643 1485 808 1576 σωμάτων
837 1497 900 1568 ilas
930 1486 1028 1566 θεός·

241 1596 422 1685 Πελασγία
455 1596 489 1663 δὲ
511 1596 639 1673 (λέξεται
671 1591 873 1687 θηλυκτόνῳ

234 1699 339 1788 ”Anac
362 1702 539 1789 δαμέντων
563 1699 840 1793 νυκτιφρουρήτῳ
864 1697 998 1792 θράσει.
1050 1700 1053 1708 ’

205 1810 456 1876 Adsententiam
466 1827 563 1894 neque
575 1802 709 1894 φθόνοι
720 1811 943 1879 accommodari
955 1808 1057 1896 potest
1065 1825 1174 1889 neque,

109 1916 157 2001 qui
199 1913 396 1997 ineptissime
440 1914 568 1993 dicitur,
611 1909 744 2003 φθόνος
789 1910 965 2002 σωμάτων.
1026 1907 1172 1999 Σάματα

107 2021 366 2108 Egyptiadarum
388 2020 468 2098 sunt,
491 2039 558 2103 quac
579 2021 750 2087 rectissime
781 2023 865 2088 terra
887 2022 994 2088 Graeca
1015 2019 1175 2102 acceptura

106 2128 224 2214 gremio
250 2145 305 2192 suo
334 2123 456 2199 dicitu,
486 2143 555 2189 curn
588 2118 607 2192 a'
639 2126 762 2195 feminis
780 2129 883 2194 'occisi
910 2127 982 2193 sint.
1034 2125 1176 2210 (Frustra
1231 2123 1233 2128 ’

106 2237 153 2301 hic
188 2250 312 2329 quoqne
348 2230 524 2296 Dindorfius
555 2233 699 2305 lacunam
731 2233 843 2319 fingit.)
904 2235 1034 2300 Videtur
1066 2232 1177 2299 fuisse:

107 2334 243 2426 φοράν
266 2337 302 2404 δὲ
313 2329 480 2422 σωμάτων
491 2343 554 2412 efer
566 2331 668 2411 θεάςε
690 2339 842 2421 impetum
854 2360 1015 2424 corporum
1027 2339 1181 2416 coercebit

107 2447 193 2512 deus.
242 2436 404 2528 Σάματα,
426 2463 487 2508 non
507 2443 599 2525 ipsos,
622 2447 712 2527 poeta
733 2446 898 2511 coercitum
919 2447 958 2512 iri
979 2446 1065 2527 dixit,
1091 2448 1127 2510 ut
1148 2449 1180 2511 et

107 2554 201 2619 robur
221 2550 475 2634 persequentium
497 2546 683 2633 significaret
705 2553 736 2616 ct
751 2553 889 2635 proxima
905 2554 977 2637 apte
989 2552 1178 2637 adiungeret.

208 2656 483 2739 Ibd.1054sqq.‚
510 2655 673 2738 postquam
701 2658 907 2739 superioribus
935 2660 1074 2726 versibus
1103 2658 1179 2722 Pro-

109 2765 254 2830 metheus
276 2763 399 2841 coelum,
431 2763 565 2840 terram,
594 2780 680 2826 mere
708 2762 832 2827 misceri
860 2765 1023 2849 ruinasque
1044 2764 1181 2830 omnium

110 2870 167 2937 sibi
190 2889 210 2934 a
231 2867 412 2939 Ioveiniici
432 2867 544 2944 iussit,
573 2885 607 2931 se
634 2868 740 2931 tamen
766 2870 867 2957 necari
888 2890 947 2936 non
969 2890 1074 2954 posse,
1097 2870 1181 2933 Mer·

111 2976 213 3041 curius
239 2992 311 3053 earn
331 2973 500 3038 fruentium
521 2991 590 3038 esse
611 2975 750 3037 mentem
770 2976 923 3059 verbaque
936 2977 1026 3042 dicit:

321 3074 444 3146 Τοιάδε
466 3082 585 3164 μέντοι
607 3081 675 3143 των
698 3077 964 3173 φρενοπλήκτων
1040 3060 1043 3067 ’

316 3177 526 3273 βουλεύματ’
547 3189 613 3270 ε”πη
635 3180 664 3250 τ’
685 3190 778 3251 ἔστιν
800 3183 952 3254 α’κουοαι.

322 3292 365 3360 Τι’
386 3316 450 3379 γαρ
470 3290 615 3357 ελλειπει
638 3315 689 3417 γιη
712 3295 924 3378 παραπαίειν
973 3288 976 3293 ’
1059 3350 1063 3357 .
1164 3372 1171 3387 ,

318 3424 340 3483 η
369 3399 469 3465 cocis
491 3393 592 3484 τύχης
614 3424 644 3463 τι
641 3398 752 3484 χαλᾷ
777 3425 929 3484 μανιων,·

118 3506 168 3572 Sic
215 3505 301 3570 enim
349 3506 526 3571 Dindorfius
569 3503 683 3582 cdidit;
726 3506 759 3570 in
802 3507 903 3572 codice
951 3467 1089 3566 Mediceo
1137 3501 1184 3563 est

118 3607 140 3695 ἦ
172 3603 269 3678 τοῦδ’
302 3601 435 3696 εὐτυχῆ.
484 3611 621 3675 Fortuna
652 3611 829 3679 Promethei
861 3612 961 3676 furere
1000 3607 1031 3670 et
1062 3623 1117 3687 per
1151 3622 1183 3670 se

119 3719 222 3802 inepte
265 3717 379 3782 (licitur
412 3735 612 3800 perverseque
645 3717 711 3785 haec
740 3720 818 3786 ratio
848 3713 1052 3801 superioribus
1089 3710 1184 3776 subii-

121 3825 208 3889 citur.
259 3823 322 3889 Sed
343 3823 437 3888 nihilo
474 3822 627 3887 feliciores
654 3822 824 3887 ceterorum
858 3817 1049 3888 coniecturae.
1103 3817 1185 3882 Scri·

122 3930 257 3996 bendmn
302 3932 369 3995 est:
414 3924 436 4013 ἦ
477 3921 569 3994 τουιλι
608 3922 723 4015 auxi:
778 3925 857 4006 Quid
895 3925 978 3991 enim
1021 3944 1040 3990 a
1087 3923 1186 3987 furore

122 4037 238 4104 distant
258 4038 342 4115 haec,
373 4055 439 4120 quac
466 4035 670 4100 Pnometheus
698 4028 995 4118 vovet(cci1ecce)?

165 4145 279 4179 111)less
291 4143 372 4177 Annus.
384 4143 433 4175 Cur.
956 4147 987 4194 ¹³
