2580 4530
613 1431 737 1504 Liber
762 1429 802 1504 V.

641 1596 726 1680 Cap.
750 1598 774 1661 Ι.

461 1748 599 1802 Plutarchi
619 1748 719 1818 scripta
737 1748 811 1802 varia
829 1745 972 1816 (moralia).
1091 1770 1094 1777 ·

280 1861 438 1927 Plutarchi
458 1862 573 1944 scripta
594 1864 671 1928 varii
691 1863 822 1948 generis,
845 1881 911 1945 quae
934 1860 1102 1926 moralium
1125 1864 1244 1928 nomine

168 1967 397 2048 “comprehendi
429 1969 546 2043 solent,
573 1969 718 2053 pleraque
740 1970 862 2052 propter
882 1965 1090 2050 multiplicem
1116 1967 1245 2051 antiqui·

181 2073 254 2136 tatis
277 2074 455 2138 memoriam
477 2076 539 2158 legi
561 2076 621 2140 alia
643 2075 711 2140 aliis
739 2075 926 2157 temporibus
965 2092 1022 2137 nec
1045 2074 1157 2140 eadem
1179 2072 1244 2138 dili·

181 2178 294 2260 gentia,
317 2180 456 2261 quaedam
479 2181 555 2245 satis
577 2181 722 2258 studiose,
754 2180 886 2245 maxime
919 2198 986 2262 quac
1014 2179 1054 2244 ad
1077 2178 1243 2245 Stoicorum

182 2283 461 2368 Epicureornmque
483 2285 607 2350 decreta
629 2285 792 2367 pertinent,
821 2287 882 2351 alia
901 2284 1110 2359 festinantius,
1148 2286 1244 2351 animo

181 2388 334 2453 interdum
357 2392 496 2456 molestis
519 2392 599 2457 curis
619 2393 783 2474 occupai03
806 2392 951 2457 nonnulla
964 2390 1104 2472 percurri
1115 2393 1242 2463 tanturn,

183 2496 229 2558 vel
253 2497 297 2558 sic
327 2497 401 2560 satis
422 2497 509 2561 taedii
530 2497 696 2573 devorans,
728 2501 762 2562 ut
789 2499 821 2562 in
851 2496 1069 2581 quaestionibus
1103 2497 1243 2562 conviva·

181 2600 277 2674 libus3
299 2620 397 2683 pauca
418 2621 476 2666 non
509 2603 599 2685 attigi
629 2606 682 2667 aut
709 2603 821 2668 saltem
852 2603 930 2667 nihil
961 2603 1001 2666 ad
1029 2622 1065 2666 ea
1094 2601 1244 2667 annotavi.

183 2703 344 2770 Codicibns
382 2708 498 2771 utimur
533 2710 706 2774 recentibus
741 2710 817 2787 fere,
861 2709 1075 2791 antiquissimo
1109 2709 1246 2772 Parisino

186 2813 273 2885 Ibin,
297 2833 388 2895 quem
411 2814 667 2898 Wyttenbachius
689 2815 714 2878 Ε
737 2815 887 2898 appellat,
924 2814 1003 2878 XIII
1025 2815 1132 2890 seculi,
1156 2816 1188 2880 et
1208 2814 1245 2877 ob

183 2935 251 2981 eam
278 2938 396 3000 quoque
419 2939 557 2994 causam,
592 2940 683 3004 quam
718 2942 747 3004 p.
782 2921 822 2981 14
843 2921 907 2984 ima
928 2919 1070 2994 indicavi,
1094 2923 1171 2986 satis
1196 2922 1242 2984 in-

183 3023 346 3105 diligenter
370 3026 501 3106 scriptis,
537 3046 616 3108 saepe
649 3027 901 3105 mendosissimis,
928 3045 986 3090 non
1020 3027 1065 3091 ita
1096 3047 1166 3093 raro
1200 3027 1242 3090 la·

183 3131 320 3207 cunosis,
357 3151 484 3213 quarum
512 3133 689 3197 lacunarum
712 3133 930 3214 verborumque
953 3131 1137 3196 omissorum
1165 3151 1243 3214 saepe

182 3238 286 3300 vacuis
317 3239 425 3319 spatiis
461 3239 606 3302 indicium
641 3238 715 3301 facit
729 3298 733 3303 .
747 3237 840 3303 codex
871 3239 917 3316 Ε,
949 3238 1106 3303 Interdum
1140 3239 1242 3302 tamen

181 3342 299 3416 fallens,
322 3343 353 3406 in
376 3342 558 3425 quibusdam
582 3342 694 3408 IibeIIis
726 3362 784 3407 non
813 3362 880 3408 raro
914 3343 1007 3420 (vid,
1043 3364 1110 3426 quae
1133 3364 1241 3426 ponarn

181 3448 220 3511 ad
242 3449 312 3513 libri
334 3451 370 3514 de
395 3449 470 3514 facie
492 3450 523 3512 in
550 3450 613 3512 orb.
635 3449 697 3512 lun.
721 3467 747 3515 c.
780 3449 832 3523 10,
862 3454 904 3526 4).
964 3449 1113 3515 Codicum
1149 3451 1242 3532 scrip·

182 3556 265 3619 turas
301 3556 555 3640 Wyttenbachius
590 3555 716 3618 minIme
757 3556 845 3637 plene
883 3556 937 3620 aut
969 3555 1136 3639 diligenter
1176 3575 1241 3639 pro·

181 3659 275 3737 didit;
299 3662 487 3738 Ducbnerus,
519 3662 571 3745 qui
598 3660 751 3743 permulta
782 3680 817 3725 ex
846 3661 1072 3727 Parisiensibus
1100 3662 1242 3745 sumpsit,

180 3767 319 3847 quaedam
356 3769 518 3842 eiusmodi,
551 3769 586 3831 ut
614 3766 702 3831 facila
734 3766 852 3831 iontem
888 3785 1050 3851 agnoscas,
1083 3769 1226 3834 varietati

181 3873 367 3938 notationem
398 3893 493 3957 neque
520 3873 662 3957 promisit
695 3891 792 3955 neque
820 3872 914 3938 dedit.
971 3872 1030 3952 Qui
1057 3874 1128 3957 plns
1151 3895 1241 3958 quarn

183 3979 342 4062 quisquam
369 3981 447 4044 alius
471 3981 516 4044 bis
538 3980 623 4044 libris
645 3979 790 4061 temporis
808 3979 839 4043 et
850 3977 943 4042 studii
954 3978 1071 4054 tribuit,
1096 3982 1242 4066 Wytten-
