2580 4530
226 250 264 313 16
664 253 771 311 urar.
821 237 833 259 ‘
944 326 946 333 ¹

181 451 227 514 Ea
248 453 352 516 autem
374 469 495 534 genera,
532 469 599 532 quae
630 449 696 530 ipso
731 446 884 512 scribendi
907 467 1007 513 errore
1041 449 1255 528 eontinentur,

181 556 282 636 posita
302 557 427 620 suntin
450 555 599 620 similium
620 555 861 636 permutatione,
885 554 917 618 in
941 573 1037 638 prava
1057 555 1250 638 separatione

184 663 216 725 et
237 663 482 737 continuatione,
514 661 545 724 in
568 662 665 725 semel
686 662 741 724 aut
759 660 808 725 bis
827 661 1011 739 scribendis,
1034 680 1102 745 quae
1124 662 1172 726 bis
1197 667 1256 728 aut

184 769 278 832 semel
301 768 463 831 scribenda
483 768 584 843 erant,
616 767 648 829 in
670 765 870 831 transiliendo
891 769 922 832 et
941 769 1184 853 transponendo,
1217 773 1249 837 in

184 873 441 938 accommodando
476 873 515 938 ad
543 873 694 956 proxima,
737 873 767 936 in
802 874 986 954 scribendis,
1020 879 1151 960 quaed
1180 880 1254 944 ter-

184 980 251 1046 tum
282 980 470 1062 propositum
497 997 558 1042 non
584 981 750 1062 pertinent.
801 979 861 1043 Sed
889 1000 925 1045 ex
946 982 1010 1060 his,
1053 1004 1120 1067 quae
1150 987 1253 1068 posui,

183 1087 366 1168 generibus,
388 1090 580 1170 postremum
602 1086 703 1169 magis
725 1105 760 1148 61
782 1086 918 1150 scientiae
942 1088 1063 1154 defectu
1085 1094 1116 1154 et
1137 1092 1245 1157 iudicii

184 1208 284 1256 errore
312 1194 465 1270 nescitur,
501 1193 533 1255 in
566 1192 715 1274 prioribus
754 1191 911 1256 oculorum
933 1194 1012 1258 acies
1041 1198 1073 1260 61
1101 1197 1196 1261 animi
1218 1199 1251 1263 in

186 1298 281 1362 oculis
304 1299 471 1382 dirigendis
492 1298 622 1362 intentio
644 1296 743 1360 officio
763 1298 861 1362 deest.
1146 1305 1150 1311 “
1277 1306 1279 1311 ’

275 1403 430 1468 similium
450 1404 636 1486 permutatio
666 1403 776 1468 accidit
801 1403 937 1485 primum
964 1405 996 1468 in
1024 1407 1099 1491 ipsis
1127 1389 1254 1476 littera-

184 1530 253 1574 rum
282 1512 389 1576 formis
411 1530 472 1575 non
493 1510 583 1574 valde
611 1509 813 1574 dissimilibus
840 1510 878 1573 ob
901 1510 1048 1576 ductuum
1076 1515 1250 1582 obscurita-

185 1618 249 1680 tem
285 1619 317 1681 et
344 1617 579 1700 ambiguitatem
612 1617 666 1678 aut
693 1615 756 1678 acie
792 1615 893 1680 minus
921 1617 1083 1700 intenta2).
1136 1621 1183 1684 Ac
1212 1623 1256 1686 de

185 1723 242 1786 hac
264 1723 437 1787 litterarum
462 1721 661 1787 similitudine
684 1723 715 1785 et
742 1722 984 1804 permutatione,
1013 1743 1080 1806 quae
1110 1728 1142 1790 ct
1169 1729 1252 1811 apud

187 1828 307 1894 Graecos
330 1833 361 1895 et
385 1829 466 1912 apud
487 1829 610 1893 Latinos
643 1829 704 1892 alia
731 1828 790 1893 fuit
815 1827 885 1891 aliis
908 1829 1050 1894 aetatibus
1073 1833 1105 1894 61
1125 1832 1158 1895 in
1181 1833 1254 1899 aliis

186 1936 344 2017 scripturae
367 1935 550 2020 generibus,
581 1935 619 1998 ab
648 1935 687 1998 iis
718 1934 886 2017 exponitur,
918 1935 970 2016 qui
991 1935 1250 2020 palaeographiam

185 2044 336 2119 tractant,
366 2042 619 2123 ostenditurque,
650 2042 681 2104 in
710 2041 818 2122 quibus
842 2039 1015 2118 codicibus,
1042 2043 1147 2108 uthis
1171 2046 1252 2125 utar,

186 2150 406 2229 permutationi
428 2148 555 2212 obnoxia
582 2147 646 2210 sint
674 2151 711 2212 A
735 2147 766 2209 61
794 2150 826 2211 Δ
851 2147 882 2209 61
904 2145 952 2220 Λ,
975 2149 1069 2212 Met
1091 2151 1131 2224 Σ,
1158 2154 1199 2217 Μ
1219 2152 1256 2216 61.

187 2255 261 2322 ΛΛ
282 2246 589 2338 (6166616111611,Θ
608 2254 639 2315 61
658 2253 701 2324 O,
719 2253 761 2314 Π
770 2253 801 2314 61
818 2253 877 2326 TI,
901 2253 982 2334 apud
994 2254 1123 2320 Latinos
1146 2260 1247 2322 autem

188 2360 210 2425 C
241 2364 272 2425 61
301 2361 329 2426 G
359 2363 413 2425 aut
440 2362 464 2423 11
489 2362 520 2422 61
546 2360 570 2422 F
594 2361 647 2422 aut
675 2357 769 2439 (quod
790 2357 805 2421 t
829 2357 861 2419 ct
889 2355 902 2420 l
930 2357 980 2422 vir
1009 2378 1103 2441 supra
1128 2381 1284 2445 versum,

188 2466 411 2547 protenduntur
440 2468 472 2531 et
493 2466 574 2548 quod
595 2466 714 2540 ductus
738 2463 847 2544 quibus
869 2461 890 2543 i,
912 2468 1174 2547 u,n1constant,
1202 2470 1251 2534 vix

188 2570 421 2653 dignoscuntur)
444 2573 569 2655 syllabae
591 2572 641 2648 iu,
663 2569 712 2650 ui,
734 2569 783 2644 in,
806 2569 857 2646 ut,
888 2567 923 2635 lu
945 2572 998 2634 aut
1023 2569 1081 2654 166,
1111 2573 1171 2655 166,
1199 2577 1256 2641 166

187 2677 598 2759 (adiectus,adlectus,
612 2677 705 2740 ctiam
724 2674 917 2751 adfectus,
933 2675 1147 2757 coniectus,
1161 2699 1250 2745 con-

186 2787 354 2867 tectus),
372 2787 532 2867 ceteraque
546 2783 684 2847 eiusdem
699 2781 831 2866 generis,
843 2801 910 2864 quae
921 2781 1192 2851 animadvertendo
1203 2787 1255 2850 fa-

187 2889 245 2952 cile
262 2889 378 2965 discas;
393 2893 540 2956 ettamen
555 2888 637 2952 haud
652 2889 742 2971 pauci
760 2887 989 2964 obliviscuntur,
1001 2906 1094 2970 quam
1106 2890 1249 2975 exiguum

186 2995 217 3057 in
233 2996 347 3059 talibus
367 2995 978 3079 111161166166116116611166111161161116
995 2994 1124 3076 pondus.
1158 2997 1252 3062 Plato

186 3104 223 3167 R.
235 3102 270 3166 P.
282 3103 342 3165 Vll
356 3124 385 3183 p.
399 3103 458 3165 529
476 3101 508 3179 C,
532 3121 603 3166 eum
625 3103 774 3179 animum,
797 3101 849 3184 qui
860 3102 893 3165 in
906 3102 995 3165 rebus
1012 3100 1152 3166 sensibus
1175 3104 1249 3168 sub·

186 3207 273 3272 iectis
295 3209 434 3288 haereret,
457 3227 613 3290 uunquam
636 3228 707 3274 1616
730 3227 852 3273 sursum
873 3209 1022 3291 spectare,
1050 3208 1104 3272 sed
1127 3227 1255 3292 semper·

187 3437 382 3444 ...ἣ-.-

255 3591 352 3643 menda
375 3587 483 3641 infinita
508 3589 535 3639 et
552 3581 644 3652 gravia
668 3581 696 3631 et
713 3574 855 3630 manifesta
872 3576 936 3627 sunt
954 3579 981 3628 et
999 3593 1125 3648 magnam
1143 3585 1246 3651 partem

256 3698 308 3734 non
328 3680 512 3734 animadversa
530 3691 577 3729 nec
595 3671 716 3725 11661616.
752 3664 881 3721 Haasium
902 3666 931 3718 in
947 3667 1047 3725 Seneca
1064 3674 1170 3729 utinam
1189 3677 1252 3730 sine⁴

256 3775 410 3843 exceptione
428 3772 537 3825 laudare
555 3779 665 3837 possem.

209 3898 232 3964 ¹)
253 3900 282 3952 Si
310 3901 375 3968 quid
405 3901 434 3953 in
458 3896 576 3966 exemplo
601 3887 736 3961 proposito
755 3902 863 3956 prorsus
886 3894 1030 3945 evanuerat
1054 3894 1102 3945 aut
1125 3891 1245 3949 deletum

256 3996 326 4057 6161,
351 3993 438 4046 scriba
463 3995 511 4044 eut
537 3988 659 4042 omittere
683 3980 828 4050 cogebatur
849 3985 896 4035 aut
920 3983 999 4052 plane
1017 3983 1171 4038 coniectura
1194 3986 1249 4050 nti,

258 4103 351 4156 parum
370 4084 403 4139 ad
422 4101 480 4138 eam
497 4082 592 4136 factus.
