2580 4530
576 278 633 332 Lib.
653 278 699 333 IV.
1068 280 1127 340 491

106 480 139 543 et
160 496 231 561 quae
246 479 379 559 >paneis
395 477 532 542 versibus
556 478 625 558 post
653 478 718 556 (24)
747 479 891 562 leguntur
918 482 949 545 et
977 499 1003 546 ο.
1027 480 1066 542 26
1092 480 1171 559 init,

106 583 277 650 ostendunt
287 583 495 649 scribendum:
522 571 626 650 Οὗτοι
640 579 720 656 τοάς
736 577 926 667 νόιιουςού
942 589 1171 652 συνετέλεσαν.

208 690 278 756 Ibd.
301 690 341 751 25
363 691 455 754 extu:
494 683 553 754 ἐάν
583 690 616 754 δὲ
645 695 676 755 οἱ
703 683 867 778 δήμαρχοι
892 691 942 778 μή
966 694 1169 778 συμφωνῶσι

107 791 196 881 πρὸς
217 789 406 880 α’λλήλους,
439 789 546 880 κύριοι
581 795 667 862 εἶναι
701 794 762 861 τόν
794 791 860 863 άνά
882 803 990 882 μέσον
1011 799 1172 881 κείμενον

106 899 157 988 μή
192 899 396 970 κωλύεσθαι.
444 902 585 967 Ridicule
620 904 861 986 interpretantur
896 905 933 969 de
969 905 1182 982 continuando„

106 1009 307 1096 magistratu,
329 1010 436 1092 inqua
457 1029 490 1074 re
511 1010 597 1074 nulla
618 1013 684 1076 erat
706 1029 868 1076 consensus
891 1011 1086 1076 dissensusve
1106 1012 1169 1088 vis3

107 1116 147 1183 de
175 1115 364 1182 nominativo
393 1110 528 1199 (κύριοι)
560 1117 668 1183 snloenu
696 1119 809 1183 tacent.
878 1116 1079 1183 Scribendum
1107 1119 1169 1183 est:

107 1215 259 1307 νάριον
281 1220 368 1287 εἶναι
392 1215 524 1288 ιάάνά
547 1244 584 1306 μ.
610 1249 637 1288 ιι.
660 1249 696 1308 μ.
721 1249 766 1301 ιι..
802 1246 863 1286 σου
893 1224 1050 1308 impediri,
1089 1224 1171 1307 quod

106 1338 224 1412 ορατιυ·
247 1337 273 1390 et
287 1328 482 1412 propositum
504 1329 557 1403 sit,
586 1331 660 1412 quin
683 1339 785 1392 rutum
809 1331 853 1394 eit
907 1331 989 1394 Male
1018 1329 1169 1395 intellexit

106 1435 271 1512 Diodorus,
294 1435 373 1518 quod
394 1434 530 1518 legerat,
555 1435 587 1498 in
609 1435 749 1500 dissensu
770 1437 838 1520 plus
863 1437 964 1501 valere
985 1437 1169 1500 intercessu-

106 1560 186 1620 ram,
207 1541 308 1606 ratam
331 1559 398 1607 esse
418 1541 680 1607 intercessionem.

209 1647 277 1712 Ibd.
300 1648 339 1708 29
361 1647 418 1712 sub
445 1647 498 1710 fin.
532 1665 597 1730 cap.
621 1649 727 1714 scrin:
749 1641 952 1733 ’συμμάχων
984 1651 1049 1734 μὲν
1082 1639 1170 1734 ’ἦσαν

107 1760 229 1838 ἔρημοι
253 1747 307 1818 διά
335 1747 396 1825 τάς
424 1749 530 1826 άλλως
557 1749 690 1828 πόλεις,
729 1759 767 1819 αἳ
792 1748 968 1838 ὑπάκουον
996 1757 1171 1838 Συρακου-

107 1859 207 1935 σίοις,
236 1861 345 1946 μέγαν
374 1849 404 1924 δ’
424 1853 538 1944 άγοῖνα
572 1855 830 1944 συνεστήσαντο.
884 1861 1010 1945 (Vulgm
1047 1854 1101 1924 διά
1136 1859 1169 1922 δὲ

107 1960 169 2038 τάς
193 1966 226 2030 et
248 1967 356 2052 μέγαν
382 1960 521 2053 άγάνσ.)
570 1967 746 2032 Trinaeium
769 1968 890 2042 urbem,
919 1965 1075 2031 Trinaeies
1097 1984 1169 2030 eon-

105 2071 234 2138 finxitne
256 2071 407 2138 Diodorus
429 2092 484 2155 pro
504 2073 662 2152 Triocalis
685 2074 887 2139 Triocalinis?

143 2192 158 2219 ⁸
207 2176 277 2242 Ibd.
297 2179 354 2243 30:
377 2184 409 2243 ui
431 2173 579 2265 φυγάδες
600 2173 851 2264 α’δροισδὲντες
874 2181 926 2246 καλ
950 2172 1169 2262 παραλαβόν-

106 2308 162 2371 τες
195 2278 278 2356 τσάς
309 2278 496 2368 Ἰλλυράσυς
527 2282 698 2352 ε’πλευσαν
730 2288 826 2374 κοινῇ
859 2280 934 2371 μετ’
967 2278 1079 2351 αὐτῶν
1113 2287 1169 2349 ἐπὶ

106 2386 171 2473 τήν
209 2383 446 2475 Ἐπίδαμνον·
488 2388 765 2477 στρατευσάντων
806 2394 840 2460 δὲ
878 2395 945 2458 τάν
982 2385 1170 2477 βαρβάρων

107 2498 218 2583 πολλῇ
249 2491 393 2583 δυνάμει
417 2509 446 2562 ιι.
471 2526 500 2563 τ.
525 2502 554 2564 λ.
609 2500 740 2584 Reliqua
771 2501 906 2566 narratio
936 2500 1019 2565 terra
1049 2497 1170 2563 venisse

106 2603 284 2688 Illyriorum
314 2605 482 2670 exereitum
509 2605 663 2682 ostendit3
696 2627 795 2690 neque
822 2625 872 2672 res
896 2607 1004 2671 effecta
1024 2605 1078 2670 illo
1101 2603 1168 2668 Ιοοο

107 2711 302 2790 (ἔπλευσαν)
333 2711 498 2795 significari
521 2713 637 2794 potest,
669 2731 736 2794 quae
764 2713 863 2777 verbis
893 2707 1170 2796 στρατευσάντων

108 2815 140 2881 δὲ
162 2841 193 2879 τ.
219 2817 255 2901 β.
279 2816 403 2880 demum
425 2815 624 2900 significatur.
681 2817 852 2900 scripserat
865 2819 1040 2884 Diodorus:
1080 2821 1170 2880 ἐνέ-

108 2923 267 2987 λευσαν
289 2922 386 3010 κοινῇ
410 2913 486 3005 μετ’
508 2916 622 2987 αὐτῶν
649 2925 703 2988 ἐπὶ
726 2921 791 3006 τήν
813 2917 1031 3007 Ἐπίδαμνον
1054 2946 1168 3004 στρα-

108 3020 271 3094 τεύειν·
303 3022 581 3113 στρατευσάντων
604 3029 638 3094 δὲ
665 3029 733 3093 τάν
753 3033 858 3114 (tuest.
915 3029 1037 3094 Omisso
1068 3053 1169 3111 στρα-

108 3126 234 3211 τεάειν,
263 3133 343 3216 qued
361 3135 446 3199 idem
467 3135 594 3199 verbum
617 3135 813 3217 sequebatur,
844 3135 998 3198 mutatum
1030 3137 1078 3199 est
1102 3139 1169 3198 ἐκέ-

109 3240 241 3305 λευσαν.
665 3254 668 3258 ’

206 3345 273 3409 lbd.
306 3345 346 3408 33
383 3348 475 3411 extu:
529 3339 730 3430 Ἀθηναίων
774 3349 1005 3430 ἐπιφανέντων
1047 3343 1167 3420 άλλαις

109 3453 210 3517 εἴκοσι
234 3453 374 3526 ναυσὶν,
409 3447 449 3523 cic
473 3446 730 3517 οἷπεστάλιιεσσν
764 3459 799 3516 ἐν
831 3454 873 3540 τῇ
908 3453 1043 3535 δευτέρᾳ
1079 3476 1165 3534 συμ-

108 3559 220 3644 μαχίᾳ.
265 3557 380 3640 Opinor
400 3557 509 3621 fuisse:
539 3565 574 3620 ἐν
596 3561 638 3645 τῇ
662 3561 798 3644 δευτέρᾳ
827 3559 1033 3642 ἐκκλησία.
1083 3557 1165 3622 Nam

109 3664 165 3728 etsi
193 3665 368 3749 συμμαχία
401 3664 439 3727 de
470 3664 581 3730 auxilio
603 3666 698 3731 misse
725 3667 837 3731 dieitur
865 3665 1028 3732 interdum,
1060 3666 1164 3728 tamen

107 3768 155 3833 rix
179 3769 318 3853 δευτέρα
342 3771 516 3855 συμμαχία
539 3772 658 3837 rentum
680 3773 803 3836 estant
825 3779 860 3835 ἐν
883 3771 1067 3855 συμμαχίᾳ.

206 3874 337 3940 Ιλιδ.’62
370 3879 459 3940 extr.:
504 3869 688 3960 Ἀθηναῖοι
716 3881 781 3959 μὲν
809 3872 873 3961 γάρ
903 3881 936 3940 ἐκ
960 3878 1020 3960 τῆς
1043 3877 1168 3942 Λακω-

109 3980 203 4064 νικῆς
224 3974 437 4065 α’,ιιυνόμενοι
460 3980 540 4055 τους
554 3977 772 4067 Σπαρτιάτας
794 3980 969 4067 ἐκράτουν,
994 3983 1168 4049 Λακεδαι-

107 4081 221 4168 μόνιοι
244 4085 278 4152 δὲ
306 4084 371 4171 τήν
400 4089 491 4155 ι’διάν
522 4082 632 4174 χάραν
662 4098 794 4174 ὲχσντις
827 4095 862 4154 εἰι
898 4090 959 4172 τῆς
992 4081 1168 4165 θαλάττης
