2580 4530
584 254 644 309 Lib.
663 255 712 310 IV.
1077 257 1137 320 517

107 455 217 519 tamen
238 454 540 540 ligneasuperfinies‚
562 473 623 518 non
644 457 748 537 partes
757 455 836 540 ligni
857 457 990 539 speciem
1013 457 1179 537 habentem

109 559 168 625 sed
186 560 319 626 initasse
344 561 492 644 scriptum
513 559 585 623 fuit:
607 560 652 644 τῷ
676 563 924 649 ξυλοπαγεῑ.

213 665 374 731 Ibd.101:
396 660 524 749 Διόπερ
547 666 637 742 ε”ιλοξε
660 668 799 740 πολλοῖς
820 662 839 734 ό
860 663 926 752 μὲν
947 669 1099 751 (Αἴολος)

108 764 223 844 εύθύς
259 766 344 838 κατά
381 768 442 836 τόν
476 770 612 856 πρῶτον
648 773 760 838 πλούν
792 776 916 859 λαβεῖν
951 779 1031 858 παρ’
1070 767 1180 846 αύτσύ

108 872 337 965 τιμωρίαν,ύ
368 880 403 946 δὲ
425 874 622 962 Ἥφαιστος
657 880 713 944 ἐπὶ
746 881 807 964 τῆς
840 882 1180 964 τελευτῆς,·οἰκείως

107 987 173 1072 τῆς
207 978 370 1073 α’σεβείας
407 978 552 1057 κολάσας
587 982 648 1050 τόν
680 979 851 1070 τύραννον
878 995 916 1053 ἐν
950 986 992 1074 κη’
1031 988 1179 1073 πατριίλι.

109 1091 228 1161 Scriba
252 1095 308 1159 ἐπὶ
331 1091 391 1176 τῆς
413 1092 572 1175 τελευτης
594 1092 725 1165 οἰκείως
747 1141 756 1157 .
780 1144 787 1162 .
810 1144 817 1157 .
842 1087 1011 1160 κολάσαι
1035 1089 1097 1158 τόν
1119 1089 1180 1160 τύ-

107 1221 241 1282 ραννον
264 1204 290 1264 ἐ.
314 1225 344 1264 τ.
367 1223 403 1263 π.
448 1197 537 1277 Quod
559 1183 699 1267 additur:
724 1194 931 1285 συνωνύμως
953 1201 1008 1267 ἐπὶ
1032 1207 1180 1284 θερμοῖς

108 1301 263 1389 ἄνθραξι
295 1297 512 1378 κατακαύσας
541 1306 665 1384 ζῶντα,
707 1325 774 1388 quae
806 1307 848 1371 sit
879 1296 1091 1391 συνωνυμία,
1121 1326 1181 1371 non

106 1411 269 1495 intellego.
502 1406 504 1413 ’
923 1410 925 1414 ”

211 1517 280 1582 lbd.
314 1517 391 1582 102:
423 1513 596 1601 άμαμὶν
628 1516 777 1600 νομίζων
811 1513 914 1594 δόξαν
949 1523 1055 1585 οἴσειν
1088 1508 1179 1604 αὐτῷ

105 1616 265 1710 μεγάλην
296 1620 361 1708 την
392 1625 461 1690 τῶν
488 1618 665 1707 Ἑλλήνων
694 1613 928 1707 αὐτονομίαν,
959 1623 1031 1710 άμα
1062 1624 1096 1692 δὲ
1123 1625 1180 1691 καὶ

108 1722 191 1802 τούς
214 1730 292 1813 περί
323 1732 527 1815 Πρεπέλαον
554 1721 728 1815 ἡγεμόνας
752 1729 814 1794 τού
843 1729 1072 1813 Κασσάνδρου
1094 1720 1181 1812 πρό-

109 1860 213 1920 τερον
236 1850 419 1920 συντρῖψαι
445 1840 500 1904 καί
525 1829 602 1905 τότε
640 1831 806 1921 προάγειν
836 1838 892 1914 (sic
916 1838 1000 1902 rente
1021 1835 1180 1899 Bellerus

108 1961 162 2026 pro
186 1934 388 2028 προσάγειν)
412 1938 464 2008 ἐπ’
484 1936 597 2025 αύτην
626 1936 692 2023 τήν
721 1935 912 2027 ἠγεμονίαν
944 1937 967 2026 ἢ
997 1944 1049 2008 ἐπ’
1073 1934 1180 2006 αύτόν

109 2040 292 2131 πορεύοιτο
316 2045 378 2116 τόν
405 2044 644 2132 Κάσσανδρον.
695 2048 897 2114 Scribendum
924 2049 1073 2133 primum:
1106 2042 1178 2130 άμμ

110 2154 143 2220 δὲ
177 2154 234 2220 καί
272 2151 354 2229 τούς
387 2157 466 2241 περὶ
489 2158 696 2241 Πρεπέλαον
725 2148 964 2241 ἡγούμενος
997 2154 1086 2218 δεῖν
1118 2152 1181 2217 τού

107 2253 336 2344 Κασσάνδρου
358 2257 526 2348 πρότερον
549 2276 735 2345 συντρῖψαι
759 2264 814 2327 καλ
837 2255 914 2328 τότε
937 2288 964 2326 κ.
989 2288 1019 2326 τ.
1043 2263 1071 2324 λ.
1119 2259 1180 2325 Sed

106 2368 255 2450 praeterea
269 2371 397 2452 apparet
410 2370 465 2433 illa
485 2362 508 2453 ἢ
531 2363 583 2434 ἐπ’
595 2362 712 2452 ,αὐτόν
730 2361 910 2452 πορεύοιτο
928 2394 957 2433 τ.
974 2370 1027 2446 Κ..
1052 2386 1119 2450 quae
1141 2366 1181 2431 ad

108 2468 279 2559 πρότερον
308 2476 472 2556 pertinent,
506 2475 648 2541 debuisse
675 2475 747 2558 poni
778 2476 850 2540 ente
884 2476 939 2539 καὶ
973 2468 1058 2540 τότε.
1115 2475 1180 2539 Aut

107 2581 202 2665 igitur
227 2581 415 2663 transposita
437 2585 508 2646 sunt
547 2585 611 2661 aut,
648 2578 727 2665 qnod
748 2583 849 2665 magis
876 2583 968 2664 puto,
998 2579 1178 2656 sublitieia;

108 2705 180 2752 nem
203 2685 288 2751 idem
310 2687 497 2770 significant,
519 2687 601 2770 qnod
622 2688 703 2752 inest
723 2687 757 2750 in
779 2688 880 2752 verbis
897 2689 951 2753 καὶ
965 2681 1042 2753 τότε
1067 2713 1135 2751 κε.
1150 2689 1178 2751 λ.

208 2792 275 2858 lbd.
306 2793 382 2855 103:
415 2790 487 2857 εἶτα
515 2795 583 2859 των
613 2800 651 2859 ἐν
672 2787 781 2879 ταύτη
815 2787 1065 2881 συμφυγόντων
1094 2788 1179 2877 πρός

109 2892 189 2972 τούς
242 2893 488 2982 κατειληφότας
532 2895 595 2966 τόν
638 2892 923 2984 Ἀκροκόρινθον.
998 2901 1097 2964 Prave
1140 2905 1177 2964 ἐν

108 2997 218 3090 ταύτῃ
254 3002 294 3067 ad
321 2999 358 3068 τό
383 2997 569 3091 Σισύφειον
606 3007 750 3081 refertum
774 3004 984 3070 scribendum:
1019 3007 1088 3071 τῶν
1120 3012 1178 3069 έν-

108 3110 286 3176 κεῦθεν.

207 3215 370 3283 Ibd.110.
414 3218 459 3293 llx
486 3237 539 3297 eo,
574 3219 656 3302 quod
687 3217 807 3283 codices
842 3215 973 3280 habent:
1008 3212 1107 3282 Μετά
1143 3215 1178 3280 δὲ

108 3323 215 3389 ταῦτα
242 3318 390 3406 Πρύνας
411 3330 477 3406 μὲν
499 3327 553 3390 καί
581 3321 737 3390 Πτελεύν
767 3316 1022 3408 προσηγάγετο,
1048 3323 1086 3386 fit
1119 3340 1177 3386 non

104 3423 286 3512 Ἀντρωνα
305 3429 471 3507 (Wessel.)‚
494 3430 548 3494 sed
565 3426 814 3515 ”Αντρωνας.
856 3429 926 3495 vid.
951 3429 1035 3512 praef.
1057 3427 1139 3492 Livii
1160 3447 1179 3491 a

109 3552 159 3598 me
182 3536 214 3599 et
236 3533 382 3618 Ussingio
405 3533 479 3599 editi
500 3536 559 3599 vol.
582 3537 635 3611 lV,
660 3540 674 3597 l
698 3557 728 3619 p,
755 3537 811 3600 IX.
843 3535 957 3613 (Strab.
987 3533 1033 3598 IX
1054 3556 1084 3619 p.
1115 3533 1177 3596 432

110 3637 187 3718 Gen,
210 3639 263 3704 Ps.
276 3640 464 3706 -Demostn
486 3642 619 3724 Philipp.
642 3643 696 3720 IV,
715 3644 762 3722 9.)

208 3745 277 3810 Ibd.
307 3747 381 3809 113:
410 3742 511 3829 ”Αμα
545 3748 578 3813 le
611 3749 745 3820 τούτοις
767 3752 1016 3831 πραττομένοις
1048 3754 1081 3814 οἱ
1110 3752 1178 3815 των

110 3845 203 3937 παροί
241 3845 432 3943 Λυσιμάχῳ
473 3856 684 3936 στρατιωτῶν
726 3848 1024 3938 αύτομσλήσαντες
1054 3858 1177 3938 ἕκτης

108 3956 288 4044 χειμασίας
315 3953 397 4044 παρ’
428 3953 645 4044 Ἀντίγονον,
673 3955 887 4045 Αὐταριάται
915 3964 980 4044 μὲν
1010 3960 1175 4046 δισχίλιοι,

109 4060 236 4132 Λύκιοι
275 4065 309 4129 δὲ
343 4067 399 4130 καλ
442 4061 644 4152 Παμφύλιοι
689 4068 768 4150 περὶ
806 4059 1037 4138 ὀκτακοσίους.
1093 4066 1177 4132 Seri-
