2580 4530
221 260 282 340 eae
642 266 774 336 aranu

112 484 115 489 '
180 478 241 543 diei
262 473 425 564 ἡγεῖσθαί
457 503 531 544 τινα
560 479 685 565 μηδὲν)
718 482 750 544 et
782 478 1015 563 superadditum
1048 481 1094 546 sie
1123 501 1178 565 per
1209 502 1238 547 se

180 576 389 667 α’κιμοίσαοα.
428 586 523 664 (Nam
537 586 618 670 quud
639 585 710 649 ante
726 584 899 651 notkerum
921 586 1165 672 coniungebatur
1186 591 1238 654 uui

181 687 281 757 οὐδὲν
303 684 508 774 ἀτιμάσασα,
531 690 877 775 sententiarepugnatt
909 690 1025 775 Opinor
1045 694 1238 760 scribendum

181 815 263 861 esse:
287 791 486 885 ἡγησαμένη
509 791 632 884 σμικρό
658 797 712 862 καὶ
738 789 825 862 κατ’
845 790 945 863 οὐδὲν
967 790 1178 885 οἷκιμόσαοα.

280 903 345 969 Ibd.
357 924 387 987 p.
401 906 460 966 174
472 905 515 969 D:
544 896 770 989 Τόραννόντι
781 899 846 991 γόρ
868 898 892 989 ἢ
912 906 1055 988 βασιλέα
1077 912 1239 993 ἐγκοιμια·

181 1001 326 1093 ζόμσνον
349 1019 407 1076 ἕνα
441 1012 509 1075 τῶν
531 1013 673 1094 νομιάν,
703 1005 778 1075 οἷον
807 1004 966 1097 συβώτην
996 1004 1019 1097 ἢ
1045 1011 1240 1099 ποιμέναῆ

180 1141 257 1181 τινα
278 1111 449 1203 βουκόλον
479 1112 611 1203 ἡγεῖται
635 1108 774 1183 αἰιοόσιν
805 1109 1133 1204 εὐδαιμονιζόμενον
1153 1118 1240 1209 nelli

179 1215 385 1306 βδοῖλλονκο.
430 1224 505 1288 Haee
534 1224 762 1308 intellegerem,
790 1223 818 1290 ei
844 1225 916 1307 post
944 1220 1241 1312 ἐγκωμιαζόμενον

180 1328 318 1393 additum
355 1321 490 1394 οἷκοόων
525 1330 691 1414 legentum
727 1348 809 1395 nune
840 1348 938 1414 neque
972 1330 1108 1398 cohaeret
1145 1334 1241 1399 aratio

179 1452 277 1516 neque
320 1435 495 1501 anacoluthi
534 1435 600 1500 ulla
638 1436 687 1501 est
727 1436 887 1501 excusatio.
955 1435 1112 1520 Seriptum
1147 1438 1241 1505 fuisse

180 1540 286 1621 opinor
309 1535 652 1627 ἐγκωμιαζόντων
673 1541 774 1625 idque,
803 1560 886 1619 num,
907 1540 1086 1624 pronomine
1102 1538 1239 1622 (αὐτῶν)

181 1647 302 1721 omisso,
324 1646 426 1713 minue
448 1650 610 1732 appareret
631 1648 793 1713 structurae
813 1646 905 1725 ratio,
928 1647 1092 1714 mutatum.

280 1751 339 1829 (De
360 1774 390 1837 p.
415 1755 475 1818 175
497 1753 521 1819 O
541 1755 602 1819 vid.
624 1774 716 1838 supra
739 1774 769 1837 p.
793 1752 876 1833 100.)

279 1859 345 1924 Ibd.
357 1880 387 1942 p.
403 1861 459 1924 181
477 1861 519 1924 B:
546 1854 658 1928 Οὐδὲν
678 1865 745 1945 μὲν
757 1850 822 1925 οὖν
834 1852 990 1933 οἷνειισόν,
1014 1850 1240 1944 ὦΣόκρακες,

177 1956 229 2047 μή
252 1957 294 2028 οὐ
316 1964 578 2043 διασκέψασθαι,
601 1969 634 2034 αι’
656 1972 810 2054 λέγουσιν
836 1961 985 2050 ἑκάτεροι
1008 1968 1075 2032 τῶν
1097 1962 1240 2053 α’νὸρσῖν.

181 2069 295 2134 Parum
319 2074 425 2154 aptum
448 2074 578 2152 videtur,
601 2077 748 2159 tanquam
770 2074 807 2138 de
829 2093 862 2138 re
884 2073 970 2157 gravi
991 2074 1023 2137 et
1043 2073 1239 2143 intolerabili.

180 2168 332 2252 α’νεκτόν,
355 2180 608 2264 seribendumque
622 2182 724 2264 potins
747 2172 932 2252 α’νετὲον,
953 2198 1014 2243 non
1029 2168 1241 2245 desistendum

179 2299 235 2345 nee
258 2283 494 2366 remittendum,
516 2289 588 2370 quin
611 2287 849 2354 consideremus.
895 2283 1027 2366 Sophist.
1049 2303 1079 2366 p.
1103 2286 1166 2348 254
1199 2287 1240 2349 B:

179 2379 239 2452 σόκ
283 2381 439 2466 οἷνεκιόν,
486 2396 569 2477 πρὶν
613 2387 657 2458 uia
700 2391 822 2464 ἱκανῶς
865 2384 972 2455 αὐτόν
1015 2387 1239 2476 θεασόμεθα.

179 2493 269 2559 Polit.
292 2516 321 2578 p.
346 2497 405 2558 291
430 2498 463 2564 O.
639 2566 640 2571 ,

280 2601 346 2683 lbd,
361 2624 392 2686 p.
405 2605 464 2667 182
476 2605 520 2669 B:
543 2599 616 2671 αλλ’
639 2610 673 2680 ἐξ
694 2598 897 2688 α’μφοσὲρων
909 2598 996 2687 πρός
1010 2599 1138 2689 ἄλληλα
1163 2630 1242 2692 eny-

178 2711 390 2793 γιγνομένων
411 2707 472 2783 τοὶς
493 2705 673 2796 αἰσθήσεις
696 2713 749 2777 καὶ
765 2703 808 2775 uei
831 2704 983 2792 αἰσθητοὶ
1007 2703 1239 2778 όποκίκτσντα

178 2813 218 2878 καὶ
241 2819 305 2898 μὲν
326 2813 409 2897 aurai
433 2814 516 2882 ἅττα
538 2819 735 2905 γίγνεσθαι,
758 2811 799 2882 aui
824 2817 858 2881 δὲ
880 2808 1133 2900 αἰσθανόμενα.
1171 2820 1240 2885 Non

177 2920 282 2999 video,
319 2924 371 3006 qui
404 2923 476 2988 ferri
507 2925 606 3007 possit
638 2927 773 2991 activum
807 2917 1054 3001 οἷσοοίκσονια,
1089 2942 1240 3009 aegerque

178 3019 199 3087 α’
209 3031 474 3114 καταχθέντα
497 3032 640 3112 seribere,
663 3033 722 3098 etei
739 3032 766 3097 is
789 3030 921 3097 aurietus
941 3032 1064 3094 tantum
1088 3030 1239 3097 inferioris

177 3134 279 3198 artatis
301 3137 398 3202 testes
420 3138 523 3203 habet.

276 3242 506 3324 innarenn
528 3264 621 3326 prave
644 3243 795 3308 Theodori
818 3244 850 3307 et
866 3241 1000 3307 Socratis
1020 3241 1124 3323 partes
1145 3259 1239 3322 sepa-

175 3352 290 3414 rantur.
327 3349 432 3433 Neque
455 3350 536 3414 enim
552 3349 705 3414 Theodori
726 3350 774 3413 est
795 3346 992 3428 amplificare,
1014 3364 1081 3427 quae
1095 3345 1236 3411 Socrates

176 3454 300 3532 dixerit,
342 3456 373 3519 et
408 3457 623 3538 argumentum
666 3454 786 3519 addere.
840 3453 947 3534 Itaque
982 3451 1133 3516 Theodori
1171 3452 1237 3518 haee

174 3562 296 3625 tantum
332 3564 418 3625 sunt:
473 3560 543 3624 Kal
576 3560 628 3631 τίς
659 3552 806 3644 μηχανή,
842 3549 867 3621 ui
902 3549 1094 3641 Σώκραοεσ;
1128 3557 1237 3622 deinde

176 3664 318 3747 Socrates
340 3685 427 3741 suam
450 3666 610 3731 continuat
631 3665 807 3730 orationem.

274 3771 339 3836 Ibd.
362 3792 392 3853 p.
407 3771 516 3849 1841),
538 3773 580 3835 E:
602 3774 635 3836 εἴ
652 3795 718 3836 τινι
740 3763 838 3854 ἡμῶν
860 3762 972 3832 αὐτῶν
994 3769 1038 3852 τῷ
1063 3762 1154 3855 αὐτῷ
1179 3766 1233 3837 διό

173 3881 238 3957 μὲν
266 3871 462 3961 ὀφθαλμοῖν
490 3874 724 3962 ἐφικνσόμεθα
761 3875 887 3942 λευκῶν
914 3901 950 3940 τε
980 3877 1034 3939 καὶ
1060 3870 1234 3958 μελάνων,

175 3979 228 4047 διό
253 3985 286 4047 δὲ
309 3985 377 4048 τοῖν
399 3981 510 4049 ἄλλων
532 3986 651 4066 ἑτέρων
677 3975 723 4048 οὗ
754 3983 870 4058 κινῶν,
903 3984 957 4048 καὶ
990 3988 1073 4056 ἕξεις
1106 3979 1232 4065 &paruul-

172 4114 278 4174 μενος
317 4083 431 4154 κιόντα
465 4088 506 4155 τα
545 4091 686 4156 τοιαῦτα
734 4094 781 4162 εἰς
818 4082 857 4153 τό
901 4089 996 4171 σῶμα
1029 4081 1231 4175 α’ναφέρσινς
