2580 4530
557 280 618 339 Lib.
636 282 659 336 Ι.
1081 283 1100 344 9

40 477 113 541 lusto
144 480 180 541 et
211 477 259 541 ad
295 478 528 562 corrigendum
555 479 640 544 faoili
674 499 775 545 erroro
803 480 915 558 oritur,
950 481 987 544 ot
1014 480 1080 545 iam
1109 480 1142 545 in

42 583 197 647 codicibus
222 584 466 648 recentioribus
490 587 522 650 et
543 586 676 671 alioquin
696 588 782 651 nnlla
801 586 862 650 fide
874 584 974 670 dignis
987 586 1026 651 ab
1041 584 1142 651 borni·

43 691 127 755 nibus
143 710 212 754 non
234 709 377 771 prorsus
392 690 539 770 indoctis,
561 692 613 775 qni
625 692 697 759 illoa
710 692 910 774 scripserunt,
931 692 974 757 sit
987 693 1140 757 correctus

45 816 95 861 nec
138 800 311 880 praeterea
357 797 529 879 quicquam
570 799 787 881 requirendum
830 798 1050 863 tentandnmve
1090 798 1140 863 sit.

48 903 158 967 l'ernm
182 903 244 966 ubi
269 905 332 967 aut
354 922 465 968 omnes
497 903 616 969 codices
645 904 881 987 improbabilem
907 904 1023 969 habent
1043 904 1141 986 scrip-
1251 954 1260 963 „

50 1024 145 1073 turam
171 1010 235 1073 ant
258 1007 416 1074 meliores
437 1010 671 1091 improbabilem
694 1009 853 1085 eiusmodi,
877 1029 944 1092 quae
958 1029 1051 1087 exea,
1074 1030 1140 1092 quae

52 1115 342 1179 innocentioribus
364 1114 549 1198 corrigendo
577 1118 746 1183 substituta
776 1116 840 1192 est,
870 1116 1038 1180 aberrando
1067 1118 1141 1180 nata

54 1241 112 1287 esse
127 1221 243 1304 putari
259 1240 328 1285 non
347 1222 459 1304 possit,
484 1222 526 1304 (si
537 1224 716 1304 praesertim,
742 1223 822 1306 quod
836 1241 917 1304 saepe
934 1222 1054 1299 accidit,
1075 1222 1140 1285 haec

57 1329 112 1410 ipsa
135 1327 337 1411 diligentius
359 1327 556 1394 considerata
576 1349 632 1395 neo
654 1330 783 1395 orationi
809 1348 866 1393 neo
887 1329 1047 1393 sententiae
1068 1342 1139 1391 vere

60 1434 229 1509 satisfacit,
266 1432 327 1497 sed
352 1449 466 1498 vanam
488 1437 610 1501 tantum
632 1436 765 1519 speeiem
792 1434 909 1516 habet)
945 1434 988 1497 ibi
1020 1433 1140 1498 coniec-

60 1556 116 1603 tnra
138 1539 359 1623 quaerendum
384 1559 493 1604 verum
514 1543 562 1605 est
582 1542 812 1625 tollendumque
833 1540 980 1605 mendum
1001 1539 1139 1604 codicum

62 1646 195 1727 pluresue
220 1645 338 1734 mendi
358 1645 465 1711 formae
487 1665 523 1711 er
543 1666 603 1711 uno
628 1648 716 1713 initio
739 1648 815 1712 ortae
823 1647 858 1725 ¹).

132 1753 255 1817 Vitiati
280 1754 358 1815 sunt
380 1753 501 1817 codices
524 1753 678 1818 interdum
700 1755 771 1819 labe
786 1752 959 1817 adventicia
972 1753 1005 1816 et
1018 1770 1085 1834 quae
1100 1750 1139 1813 ad

64 1860 168 1923 scribas
192 1858 349 1923 librarios
371 1859 451 1922 nihil
472 1858 613 1936 attineat,
637 1860 665 1923 si
686 1862 741 1924 aut
761 1859 835 1922 folia
848 1858 950 1923 excisa
963 1856 1139 1921 detractave

66 1978 123 2027 sont
143 1966 205 2029 aut
220 1965 296 2028 loco
311 1967 400 2029 mota
416 1966 448 2029 et
462 1966 649 2046 transposita
664 1967 718 2030 aut
731 1965 873 2029 foliorum
888 1964 993 2045 partos
1007 1962 1139 2027 desecta

66 2086 107 2133 anr
126 2070 265 2135 humore
290 2071 392 2135 aliove
420 2071 513 2135 modo
543 2074 701 2155 corruptae,
738 2072 774 2135 ut
805 2070 958 2153 scopum
988 2067 1053 2152 legi
1079 2086 1139 2133 uon

68 2177 164 2255 possin
199 2176 423 2259 einsmodiqne
451 2177 537 2241 labes
565 2178 645 2242 siin
668 2178 769 2260 aliquo
793 2174 897 2242 oodioe
920 2176 993 2239 olim
1014 2174 1138 2251 accidit,

68 2300 95 2343 ει
113 2302 173 2363 qno
196 2282 313 2364 plures
335 2281 447 2346 deinde
469 2282 662 2361 ductisunt,
692 2284 732 2348 ad
760 2284 816 2348 hos
837 2301 944 2346 omnes
965 2282 1139 2346 necessario

70 2388 209 2465 partinet,
247 2388 311 2452 hoc
333 2390 392 2463 est,
414 2387 570 2452 interdum
592 2390 630 2454 ad
652 2409 773 2465 omnes,
803 2409 878 2472 quos
902 2407 956 2453 nos
979 2389 1138 2466 habemns,

72 2494 220 2574 scriptoris
245 2496 305 2557 aut
326 2494 428 2575 operis
451 2494 577 2559 alicuius
606 2498 719 2560 veteris
750 2497 880 2561 codices.
928 2496 1044 2558 Verum
1073 2493 1137 2554 haeo

72 2618 130 2662 ··a-·u
151 2599 339 2664 acciderunt
359 2603 391 2664 et
412 2601 444 2664 in
470 2602 560 2666 cortis
581 2603 703 2667 tanturn
716 2603 914 2684 scriptoribus
926 2600 1138 2683 operibusque,

76 2704 274 2789 'Lemnumque
297 2707 416 2771 habent
438 2707 524 2771 nulla
545 2711 610 2773 arte
632 2709 813 2790 reparabile,
836 2708 896 2771 nisi
919 2708 950 2770 in
969 2705 1139 2788 transposi-

96 2998 102 3027 ¹
131 2999 260 3054 Ridicule
280 2998 422 3053 interdum
441 2997 571 3063 homines,
591 3003 622 3053 nt
640 2999 692 3053 sibi
708 2999 840 3061 videntur,
860 3001 932 3053 canti
946 3003 974 3054 et
986 3000 1138 3069 prudentes,

130 3096 318 3146 infracturam
333 3076 453 3146 'laudant
471 3095 502 3145 ut
520 3092 694 3161 probabilem,
719 3092 765 3146 sed
784 3092 812 3145 in
830 3093 905 3146 nullo
922 3093 1010 3147 codice
1027 3090 1138 3159 reperiri

131 3189 302 3254 pueruntnr3
323 3188 481 3254 recepturos
499 3201 526 3237 se
544 3185 636 3250 fuisse,
656 3186 679 3238 si
697 3185 740 3238 vel
758 3185 786 3237 iu
800 3202 853 3239 uno
866 3187 954 3239 codice
968 3184 1138 3253 reperiretur.

131 3282 201 3347 Quid
222 3280 386 3333 coniectura
404 3295 474 3346 opus
492 3280 575 3341 esset,
594 3279 616 3330 si
636 3278 738 3332 codices
756 3295 848 3331 verum
864 3277 1030 3347 praeberent?
1068 3273 1139 3339 Quid

130 3378 155 3429 in
183 3394 214 3431 re
248 3372 336 3428 dubia
365 3370 451 3424 codex
475 3369 579 3423 iuvaret
601 3370 654 3424 nisi
678 3371 731 3424 fide
755 3371 853 3440 dignus
877 3373 904 3424 et
926 3371 972 3438 qui
992 3370 1139 3420 ceterorum

128 3485 293 3523 consensum
321 3463 464 3518 vinceret?
507 3463 624 3516 infinita
650 3466 714 3516 sunt
736 3464 764 3517 in
791 3463 925 3518 codicibus
947 3457 1139 3514 recentioribus

38 3564 41 3569 “
127 3566 302 3623 «saniectnroe,
331 3560 411 3612 bonae
431 3573 486 3610 uon
506 3572 595 3624 pauca
613 3556 642 3610 in
662 3558 759 3625 parvis.
783 3560 813 3610 nt
832 3556 895 3616 diri,
924 3556 950 3605 et
974 3550 1073 3619 apertis
1097 3567 1139 3604 er·

125 3659 240 3717 roribus,
260 3670 357 3725 pravae
377 3651 483 3721 plnres.
520 3648 634 3704 Omnino
652 3666 705 3703 non
723 3652 815 3719 pauci,
840 3649 920 3701 etiam
938 3645 985 3712 qui
1003 3642 1089 3695 multa
1107 3642 1139 3696 de

124 3754 199 3807 rebus
218 3749 329 3805 criticis
350 3744 440 3798 verba
457 3742 590 3807 fecerunt,
615 3747 705 3798 tamen
729 3743 867 3813 ignorant,
894 3741 923 3792 in
946 3737 1019 3805 quali
1043 3735 1139 3789 funda-

122 3856 209 3901 mento
239 3841 439 3900 constitutum
472 3834 618 3889 habeamus
648 3839 769 3890 veterum
792 3834 950 3901 scriptorum
980 3832 1139 3885 contextum,

126 3938 354 4009 ,nemadmodnm
390 3929 499 3987 sensim
523 3931 551 3982 et
572 3931 676 3984 mendis
702 3928 871 3983 obscuratum
894 3923 1091 3992 antiquioribus
1114 3924 1141 3975 et

118 4034 205 4091 deinde
229 4034 408 4093 coniectura
430 4021 573 4080 interdum
590 4025 687 4078 leviter
704 4018 886 4081 emendatum,
907 4018 1003 4086 saepius
1023 4017 1142 4086 graviter

117 4130 287 4203 depravatum
307 4132 343 4187 et
366 4116 585 4189 interpolatum.
