2580 4530
586 291 647 347 Lib.
664 291 717 346 ΠΙ.
1077 290 1138 353 475

172 508 176 514 ’
216 493 376 560 13111112
401 514 430 577 p.
459 493 538 556 1373
562 510 593 554 a:
618 492 671 555 καλ
695 487 744 562 οἷς
766 494 960 578 χαριοῦνται
984 488 1006 575 ἢ
1030 487 1181 576 plinton}

111 602 397 684 θαυμαζομένοις
429 593 450 682 ἢ
485 602 663 682 ἐρωμένοις
695 622 722 660 κ.
746 624 774 661 τ.
797 600 826 661 λ.
854 588 1023 663 Ἐοοηαῐο
1055 600 1189 663 conatui

112 705 315 790 Spengelius:
339 707 392 770 καὶ
421 699 480 777 οὓς
509 698 705 776 detentum
733 705 948 788 χαριοῦνται,
990 705 1058 769 Ηοο
1080 705 1188 769 dativo·

112 811 285 896 signifioari
317 812 435 894 nequit;
469 809 682 875 scribendum:
720 811 773 874 καὶ
807 815 850 874 ἐν
873 806 931 882 οἷς.
983 810 1078 875 Paulo
1099 813 1180 893 post,

111 918 167 984 ubi
196 917 356 982 scribitur:
394 918 447 982 uoci
480 912 560 988 τούς
587 909 647 981 ύπ’
681 913 791 980 ἄλλων
826 918 1026 999 μέλλοντας,
1059 911 1103 981 όν
1130 914 1179 999 μή

112 1018 227 1099 αὐτοὶ,
263 1017 307 1094 οἷς
342 1014 451 1086 ούκέτι
488 1017 708 1108 ἐνδεχόμενον
742 1013 1015 1106 βουλεύσασθαι,
1054 1025 1181 1104 apparet

112 1130 263 1215 (maxime
293 1149 328 1193 ex
348 1128 405 1192 heo
437 1127 606 1192 adiectione
639 1131 669 1192 et
702 1148 738 1192 ex
766 1128 974 1210 sequentibus)
1005 1127 1179 1210 significan,

112 1236 164 1319 qui
192 1235 336 1299 iniuriam
368 1233 478 1298 facturi
500 1233 576 1303 sint,
607 1235 666 1299 nisi
695 1235 754 1316 ipsi
784 1235 829 1317 (ii,
860 1233 1026 1316 dequibus
1055 1234 1179 1318 agmon)

111 1340 334 1422 occupaverint
376 1339 485 1404 faeere.
540 1340 726 1404 Tollendum
765 1341 860 1424 igitur
898 1334 956 1405 ὑπ’
988 1337 1108 1419 ἄλλων,
1144 1359 1185 1403 αα

112 1465 210 1529 prava
229 1445 419 1509 enarratione
442 1449 553 1510 ortum.
637 1516 653 1545 ,ᾳ

213 1552 281 1616 ibd.
296 1551 372 1617 olo
387 1571 417 1633 p.
444 1552 522 1614 1377
546 1540 577 1615 u:
602 1542 661 1616 εἀίν
676 1578 712 1617 τε
735 1544 937 1618 ὑπεναντίαι
963 1545 1020 1616 αἷσι
1044 1558 1090 1631 (αἱ
1111 1545 1178 1638 βοί-

112 1660 227 1742 οανοι)
264 1661 318 1723 καὶ
346 1652 434 1740 μετιί
471 1658 533 1721 τού
556 1651 868 1741 α’μςσιοβητούνιος,
902 1656 1032 1725 διαλύοι
1061 1657 1104 1724 όν
1127 1687 1178 1733 τις

111 1759 252 1849 ούληθῆ
286 1768 390 1850 λόχων
424 1756 504 1827 καθ’
545 1761 627 1830 ὅλου
661 1765 722 1830 τού
744 1769 876 1850 μένους’
898 1767 967 1831 τῶν
1001 1750 1176 1851 βασάνων.

112 1870 298 1936 Tollendum
321 1863 456 1954 τόληθὴ
479 1889 515 1934 ex
536 1891 625 1936 versu
646 1872 781 1953 proximo
793 1872 889 1936 altero
911 1873 1176 1938 huotranslatum.

111 1975 362 2060 Impugnendum
398 1994 465 2040 esse
493 1976 603 2040 dieitur
634 1978 735 2041 totum
751 1995 873 2061 ¹genuen
910 1998 1001 2060 quem
1024 1999 1094 2044 vere
1116 1980 1179 2043 im-

112 2084 278 2166 pugnetur,
302 2083 380 2147 nihil
401 2083 439 2147 ed
461 2097 537 2148 rem.

214 2186 318 2251 lbd.o.
334 2191 370 2248 15
389 2209 417 2271 p.
436 2190 514 2250 1377
538 2189 786 2254 ascribendum:
812 2181 895 2254 διότι
918 2183 936 2255 o‘
958 2193 1023 2273 μὲν
1046 2183 1184 2271 ὀμόσας

113 2286 174 2358 otiu
209 2287 409 2370 α’ποόίόαοι,
442 2295 519 2360 τού
553 2296 585 2360 δὲ
615 2303 680 2378 (pro
714 2290 795 2368 τούς
824 2295 870 2375 (λε’)
902 2292 952 2381 μή
985 2289 1177 2380 ὀμόσαντος

114 2401 220 2463 οἴεται
245 2393 492 2465 καταιλικοίοειν.

211 2505 279 2569 Lib.
303 2507 334 2570 ll
356 2527 381 2572 ο.
404 2508 423 2567 3
446 2529 475 2591 p.
500 2507 581 2568 1380
602 2506 636 2570 b:
661 2505 762 2574 παύει
786 2505 850 2594 χείρ
873 2503 980 2594 σ’ρχήν
1002 2504 1020 2574 ό
1043 2503 1161 2595 χρόνος

112 2604 215 2676 παύει
248 2613 280 2676 δὲ
313 2614 366 2678 καὶ
400 2619 512 2697 ἑτέρον
542 2606 649 2698 όρχύν
678 2617 780 2695 μείζω
811 2611 832 2699 ἡ
864 2611 942 2700 παρ’
965 2614 1069 2680 ἄλλον
1090 2619 1176 2701 λιμμ-

111 2725 212 2783 peona
242 2721 385 2803 τιμωρία
408 2713 584 2804 πρότερον.
631 2719 741 2786 Scrib.:
778 2717 879 2788 παύει
910 2725 944 2788 δὲ
974 2725 1027 2787 καὶ
1062 2731 1183 2805 ἑτέρου-

111 2817 213 2911 όργή
242 2827 399 2908 μείζων
421 2821 443 2910 ἢ
467 2819 546 2910 παρ’
575 2823 680 2890 ἄλλον
714 2831 885 2912 ληφθεῖσα
913 2831 1057 2915 τιμωριά
1089 2826 1176 2914 πρό-

112 2955 222 3013 τερον.
1080 2954 1084 2963 ·

210 3036 268 3101 Ibd
293 3055 318 3101 ο.
344 3038 361 3098 6
384 3057 413 3118 p.
439 3039 518 3100 1384
541 3057 575 3101 a:
607 3042 660 3102 καὶ
684 3036 722 3103 τό
744 3031 800 3121 εἶφ’
823 3041 935 3121 ἑτέρου
957 3033 996 3106 εὖ
1018 3036 1173 3126 πόσχειν,

111 3143 163 3208 καλ
190 3140 229 3208 τό
259 3138 440 3217 πολλάκις,
476 3145 548 3217 καὶ,
579 3139 598 3208 ό
625 3135 664 3208 εὖ
692 3146 868 3230 ἐποίησεν,
898 3139 1088 3226 όνειιλίζειν·
1114 3173 1174 3229 μι-

111 3249 295 3334 κροψυχίας
316 3244 380 3334 χείρ
403 3242 516 3314 πάντα
542 3301 547 3315 .
573 3302 580 3315 .
604 3298 611 3313 .
635 3264 767 3334 σημεῖα.
801 3251 953 3316 Vitiosum
975 3245 1032 3337 ὑφ’
1048 3255 1171 3336 ἑτέρον.

109 3355 189 3420 Nem
214 3346 254 3420 εὖ
277 3348 453 3442 τιόσχσμεν
476 3375 596 3439 semper
617 3356 655 3420 ab
679 3356 766 3434 aliis,
795 3377 851 3422 neo
872 3358 904 3420 in
927 3376 961 3422 eo
983 3376 1037 3439 per
1059 3377 1092 3422 se
1114 3385 1172 3442 μι-

110 3462 274 3548 κροψυχία
298 3464 353 3527 est.
397 3461 523 3525 Fuitne:
546 3455 609 3545 ὑφ’
631 3456 959 3546 ύποιλεεοτίρουλ

207 3569 276 3637 Ibd.
299 3588 324 3634 o.
347 3568 386 3630 15
415 3588 445 3650 p.
475 3570 554 3629 1390
577 3569 611 3632 b:
646 3563 729 3634 ναυσί
753 3565 791 3634 τό
813 3566 863 3653 μή
895 3570 1089 3644 ἐξίστασθαι
1113 3569 1173 3652 τῆς

108 3666 254 3758 φύσεως·
280 3672 364 3758 ὅπερ
400 3669 444 3746 οἷς
466 3675 521 3739 ἐπὶ
549 3667 587 3738 τό
621 3670 712 3741 πολύ
739 3671 782 3742 ού
814 3676 997 3759 συμβαίνει
1020 3684 1092 3746 τοῖς
1114 3668 1173 3739 εύ-

107 3782 252 3864 χενέοιν,
293 3772 365 3845 αλλ’
401 3781 487 3845 εἰσὶν
519 3784 550 3844 οἱ
583 3783 703 3846 πολλοὶ
741 3776 899 3854 εὐτελεῖς.
952 3780 1102 3864 Loquiiur
1134 3780 1171 3844 de

106 3898 176 3957 τοῖς
204 3887 346 3958 πολλοῖς
376 3885 443 3949 τῶν
470 3879 628 3972 εύχενών.
678 3887 705 3950 li
732 3906 791 3952 non
822 3881 970 3960 εύτελεῖς
1003 3889 1083 3964 sunt,
1118 3885 1175 3951 seli

106 3993 293 4062 ἐντελεῖς
314 3988 490 4056 Aristotelis
512 3993 675 4058 sententie.
