2580 4530
156 276 216 338 614
581 274 641 332 Lib.
661 276 694 334 V.

113 492 181 538 eam
217 492 343 555 operam
376 474 430 538 alii
463 473 646 555 suscipiant;
687 491 754 556 ego,
796 491 862 554 qnae
902 471 972 554 ipse
1021 469 1166 536 emendavi

113 592 164 648 l-
185 578 317 659 plurima
342 581 455 654 autem,
477 598 547 644 cnm
569 580 724 644 Duebneri
747 576 885 661 exemplo
908 596 937 642 a.
962 577 1045 640 1856
1068 581 1167 656 uterer,

112 687 338 764 annotaveram
361 706 428 769 quan
449 688 557 769 postea
577 686 640 750 vidi
662 685 807 768 occupata
830 687 893 762 -)‚
917 701 1031 765 ponam
1054 703 1092 749 ea
1111 685 1171 748 bre·

112 790 216 866 vitate,
240 812 300 874 qua
327 793 372 857 uti
395 794 482 859 decet
503 794 534 859 in
556 789 658 869 libris,
688 811 764 874 quos
785 789 884 874 pauci,
910 790 1076 854 nonnullos
1102 808 1172 870 pau-

111 897 233 961 cissimi
267 898 383 982 legant,
437 899 609 962 Minoribus
651 899 755 962 autem
799 897 905 961 multis
940 897 1174 961 correctionibus

111 1004 317 1067 intercurrunt
350 1005 381 1068 in
408 1003 586 1069 huiusmodi
621 1004 742 1085 scriptis
776 1003 853 1077 alia,
887 987 966 1085 quaes
989 1002 1174 1086 voluptatem

111 1108 266 1203 quandam
287 1109 401 1173 habent
423 1113 454 1173 et
476 1127 561 1192 paene
586 1108 712 1176 dixerim
747 1107 939 1192 splendorem
965 1126 1004 1172 cx
1026 1110 1175 1174 sententia

110 1214 305 1296 orationeque
339 1215 371 1278 et
404 1214 505 1280 verbis
535 1237 659 1299 prorsus
691 1215 779 1280 novis
811 1215 843 1278 et
871 1214 1067 1298 elegantibus
1090 1219 1123 1281 et
1141 1214 1175 1280 ad

110 1320 243 1403 speciem
264 1321 354 1402 longe
376 1320 503 1384 remotis
526 1323 634 1407 exigua
653 1323 828 1387 litterarum
851 1321 1024 1385 mutatione
1050 1322 1174 1388 effectis.

111 1426 172 1491 Ubi
185 1425 464 1490 animadversiones
474 1426 705 1509 Wyttenbachii
718 1427 874 1503 deficiunt,
883 1426 974 1491 facile
986 1426 1056 1491 ficri
1066 1429 1175 1510 potest,

109 1534 145 1596 ut
160 1533 308 1613 occupata
321 1531 359 1595 ab
378 1530 446 1595 aliis
462 1532 618 1604 amotam,
640 1532 784 1613 quoniam
807 1533 917 1614 praetcr
940 1533 1034 1597 notas
1056 1534 1175 1617 aWyt

109 1638 271 1703 tenbachio
294 1637 449 1701 contextui
476 1638 629 1702 subiectas
656 1638 687 1700 et
716 1637 872 1703 Duebneri
903 1639 1081 1720 exemplum
1103 1640 1177 1704 alios

110 1763 189 1808 nunc
221 1744 411 1826 pervolutare
448 1745 543 1808 libros
583 1762 681 1824 operae
717 1743 856 1826 pretium.
890 1746 990 1810 visum
1025 1764 1087 1811 non
1122 1749 1173 1810 est.

111 1849 367 1932 Inscriptionibns
388 1849 537 1914 librorum
558 1850 627 1914 utor
648 1849 767 1914 Latinis
789 1851 879 1934 vulgo
901 1851 1042 1933 receptis.

140 1973 142 1978 ·
210 1955 256 2020 Do
278 1954 447 2020 audiendis
474 1955 577 2042 poetis
601 1975 627 2019 c.
645 1958 667 2038 Ι1
690 1976 721 2038 p.
751 1955 789 2017 15
812 1956 897 2033 D1):
932 1959 1022 2040 κηρῷ
1046 1955 1114 2024 ’τινι
1135 1952 1173 2024 od

112 2053 178 2125 oisc
203 2055 350 2146 ἀτέγκτῳ
374 2053 682 2134 καταπλάσσοντες.
738 2062 919 2127 Duebnerus
952 2083 969 2127 c
999 2064 1174 2130 codicibus:

112 2168 198 2252 κηρῷ
233 2194 260 2231 a.
299 2193 327 2230 τ.
365 2159 433 2232 ciac
472 2169 526 2232 καὶ
571 2161 716 2253 οἷσέγκσῳ
760 2169 847 2252 κηρῷ
891 2170 1038 2234 uesani„
1096 2169 1173 2235 Sci-t

112 2274 274 2359 σκληρῷ
298 2299 364 2338 τινι
388 2300 416 2339 κ.
440 2265 474 2338 ci.
499 2274 553 2338 aui
577 2267 629 2338 α’σ.
653 2275 740 2359 κηρῷ
766 2276 908 2339 aaroni.

115 2408 118 2415 ’
178 2431 180 2439 ,
210 2378 276 2442 Ibd.
300 2381 318 2440 2
341 2400 370 2462 p.
394 2381 432 2441 16
456 2379 496 2445 C:
527 2378 620 2466 λόγοι
649 2374 702 2445 ciel
736 2385 932 2466 κεχρημένοι
956 2378 1052 2464 παραὶ
1077 2407 1173 2464 ποιη·

110 2485 217 2568 aaran,
242 2481 354 2568 ὥσπερ
377 2481 507 2570 ὄχημα,
540 2481 601 2551 κᾶν
623 2485 726 2572 ὄγκον
749 2489 803 2552 καὶ
826 2482 863 2552 τό
886 2492 1023 2571 μέτρον.
1069 2489 1173 2554 scrib:

112 2618 147 2654 κι
158 2586 262 2676 χροῖμ
273 2615 368 2665 ενοι,
391 2601 569 2658 conlucentes.

210 2697 277 2763 lbd.
300 2698 320 2757 4
342 2717 372 2779 p.
396 2700 433 2758 21
456 2698 497 2760 B:

133 2805 135 2812 ’
244 2797 363 2874 Δεινός
384 2797 448 2888 poio
472 2811 588 2886 ἕρπειν
611 2805 759 2878 πλοῦτος
782 2815 815 2881 dg
837 2836 873 2873 τε
897 2806 1032 2893 σάβαια

227 2896 299 2972 ’καὶ
323 2906 409 2993 πρός
434 2905 475 2974 κά
497 2906 606 2994 βαιά·
632 2912 685 2975 καὶ
709 2903 844 2976 ὁκόθεν
868 2914 973 2994 arboc
999 2905 1089 2996 οἷνήρ

170 3072 175 3080 ,,
245 3008 318 3079 odd'
340 3018 485 3102 ἐντυχών
508 3011 637 3082 δύναιτ’
660 3011 715 3092 ἀν,
739 3006 783 3081 ὦν
806 3019 875 3101 ἐρᾷ,
898 3031 1021 3103 ιοχεῑν.

210 3120 324 3185 Versus
347 3127 419 3187 sunt
445 3123 600 3205 Sophoclis
623 3143 659 3188 ex
680 3122 817 3194 Aleadis‚
839 3124 951 3186 servati
976 3126 1073 3190 etiam
1095 3126 1171 3210 apud

167 3361 217 3368 —-—
224 3362 253 3367 —
258 3363 308 3369 ..—

180 3529 288 3591 χωρεῖν.
326 3523 355 3578 C.
375 3526 409 3578 28
433 3525 500 3577 eutr.
525 3539 551 3592 p.
575 3527 627 3580 495
645 3525 667 3577 E
687 3526 845 3580 Duebnerus
869 3525 1050 3593 ἀτοπωτέραν
1069 3544 1083 3581 c
1102 3528 1170 3582 codi-

180 3615 262 3677 cibus,
282 3618 313 3669 ut
330 3616 444 3677 videtur,
464 3632 516 3668 non
535 3621 606 3670 recte
625 3635 672 3686 pro
691 3619 865 3688 ἀτοπώτερον
884 3619 982 3687 posuit,
1002 3635 1024 3671 c.
1036 3622 1071 3678 37
1085 3637 1112 3690 p.
1121 3624 1169 3677 431

180 3707 203 3760 A
222 3707 320 3760 edidit:
343 3709 381 3761 El
397 3705 421 3760 δ’
441 3704 578 3776 ἀλλαχόθι
599 3731 662 3774 που,
681 3708 733 3764 κάν
751 3716 799 3782 τῆς
817 3711 1000 3780 Ἀκαδημίας.
1020 3729 1082 3766 cum
1102 3718 1170 3768 recte

180 3800 328 3869 superiores
355 3799 498 3853 haberent:
540 3804 577 3857 Εἰ
609 3802 639 3858 dl
666 3805 805 3874 ἀλλαχόθι
844 3826 906 3866 nov,
938 3804 1090 3860 κάνταῦθα
1120 3812 1168 3877 τῆς

180 3890 366 3962 Ἀκαδημίας.
412 3959 416 3966 1

144 3987 163 4050 ¹)
182 3986 345 4054 Paginarum
375 4002 498 4040 numeros
529 3985 686 4054 litterasque
719 3987 788 4042 addo
818 3991 940 4053 tantum,
970 3990 1017 4045 ubi
1050 3991 1173 4065 longiora

170 4080 270 4152 ‘capita
288 4081 352 4132 sunt
370 4081 397 4132 et
414 4079 487 4133 locus
504 4078 538 4132 ab
557 4079 636 4132 initio
655 4081 872 4151 capitislongins
890 4084 1021 4138 remotus.
