2580 4530
210 305 268 367 136
646 303 707 359 bib.
723 307 745 361 1.

264 501 363 581 (XVI)
384 502 476 566 Libro
492 501 551 565 XV
569 522 598 584 p.
615 502 673 563 731
697 501 807 567 Strabo
825 501 866 567 ds
886 504 1018 584 pecunie
1040 503 1080 566 ab
1092 501 1224 566 Alexan·

164 607 219 671 dre
228 607 332 674 Persis
344 607 433 672 vietis
448 608 539 689 eapte
558 609 735 695 streperts
755 609 894 690 exponit;
917 608 960 673 ibi
981 609 1046 674 hae
1066 609 1225 692 leguntur:

165 713 256 781 Φασὶ,
273 713 308 778 δὲ
328 714 426 800 χωρὶς
448 713 516 777 των
534 718 570 777 ἐν
581 714 766 798 Βαβυλῶνι
791 715 844 780 καλ
868 713 935 778 τών
959 720 995 778 ἐν
1017 714 1062 798 τῷ
1085 737 1226 796 στρατο-

165 819 335 907 ττέδωταῖν
347 813 440 903 παρά
458 819 565 885 ταῦτα
579 814 630 904 μή
651 816 852 906 ληφθέντων
868 814 957 886 αὐτά
975 814 1016 886 τά
1036 827 1072 886 ἐν
1084 814 1228 892 Σούσοις

166 928 220 993 καλ
232 922 273 992 τά
292 933 331 992 έν
343 925 483 1011 Περσίδι
500 927 661 1012 τέτταρας
671 919 842 1012 μυριάδας
854 919 1032 992 ταλάντων
1044 929 1226 1010 tietantia}-

165 1057 243 1098 ναι,
280 1033 411 1097 Mirifice
424 1051 548 1123 prorsus
561 1032 682 1110 dieitur,
707 1035 822 1116 quanta
837 1031 936 1122 fuerit
947 1052 1070 1114 summa
1084 1036 1227 1116 prater

166 1157 217 1204 eas
239 1141 409 1220 peeuniess
429 1156 496 1222 quse
522 1154 594 1204 nen
621 1143 718 1220 eeptae
741 1139 806 1203 sint
834 1140 945 1224 (χωρὶς
973 1139 1041 1204 τών
1066 1136 1118 1224 μή
1142 1143 1226 1224 ληφ-

167 1247 322 1322 θέντων).
369 1245 451 1324 Quid
478 1247 582 1310 autem
610 1245 652 1310 sit
679 1239 772 1329 παρά
800 1246 908 1311 ταῦτα
933 1246 1055 1329 (plurali
1077 1253 1227 1324 numero),

165 1351 288 1416 omnine
314 1352 435 1436 ignora
462 1370 536 1416 nam
563 1353 600 1416 ut
625 1350 741 1434 fingam
771 1370 839 1416 esse
865 1354 1025 1434 prepter
1051 1351 1127 1418 hoe·
1158 1348 1225 1430 (διά

36 1472 40 1477 ’
165 1456 295 1536 soeret:
314 1477 372 1540 quo
392 1458 426 1522 id
446 1458 597 1523 referatur
618 1475 722 1540 quave
741 1456 930 1540 signifieetur
943 1476 1046 1535 eausa,
1067 1477 1106 1523 ne
1128 1459 1228 1541 suspi-

166 1563 230 1626 eari
241 1562 364 1645 quidem
378 1582 516 1647 possum,
537 1582 592 1628 nee
613 1581 694 1628 sane.
708 1581 844 1645 quarere
859 1583 945 1637 eure;
968 1582 1041 1629 nam
1062 1563 1095 1626 in
1118 1563 1226 1628 eediei-

141 1669 222 1733 -bus
250 1668 394 1734 scribitur
421 1672 499 1754 περὶ
527 1670 654 1745 ταῦτα,
685 1669 840 1734 mutatum
868 1689 892 1734 a
912 1669 1016 1733 Cerae
1068 1650 1229 1734 Postremo

165 1773 301 1839 historia
328 1775 600 1883 vehementissime
634 1774 691 1839 hee
721 1779 905 1860 repugnem⁸
918 1776 987 1859 quis
1021 1774 1103 1838 enim
1130 1775 1229 1840 neseit

166 1879 374 1946 Alexandrum
411 1869 496 1947 eueni
527 1901 615 1966 gaza,
651 1898 743 1964 quam
770 1880 882 1944 Darius
915 1897 1021 1944 seeum
1056 1879 1227 1954 habuisset

166 1985 238 2066 pest
274 1988 434 2155 proeliuml
439 1989 489 2156 5ad
527 1987 642 2053 Arbela
683 1991 715 2053 et
747 1985 937 2071 Gaugamela
974 1988 1029 2067 pet
1014 1986 1108 2051 titum
1141 1991 1229 2052 esse?

167 2091 375 2165 (Arrianrll
325 2094 391 2166 ΙΠ,
439 2093 589 2169 5,.ΟιιιΙ
616 2095 656 2167 V‚·
680 2094 707 2170 l
731 2093 856 2173 at)
815 2092 856 2157 ut
888 2110 942 2155 eur
974 2091 1108 2175 alioquin
1139 2092 1229 2156 huius

33 2195 36 2199 ’
165 2198 302 2276 peeuniae
324 2197 434 2264 Strabo
461 2200 649 2264 mentionem
676 2199 813 2263 faeeret?
859 2196 1148 2262 Manifestissimum
1171 2199 1227 2262 est

166 2300 347 2367 Strabonem
378 2305 435 2369 hee
461 2304 633 2388 scripsisse,
664 2306 763 2390 χωρὶς
791 2302 858 2367 τῶν
886 2308 923 2366 ἐν
951 2303 1134 2385 Βαβυλῶνι
1172 2306 1227 2366 set

167 2408 235 2471 τῶν
257 2410 301 2472 ἐν
320 2409 365 2493 τῷ
391 2411 605 2493 στρατοπέδω
630 2459 636 2471 .
661 2456 669 2470 .
693 2458 700 2473 .
724 2456 731 2470 .
756 2412 958 2492 ληφθέντων
984 2429 1020 2473 ea
1046 2411 1132 2482 sola,
1162 2428 1228 2492 quae

167 2512 257 2577 Susis
268 2516 300 2579 et
312 2515 345 2579 in
364 2515 489 2580 Perside
505 2517 628 2598 reperta
648 2517 719 2590 sint,
743 2514 946 2598 quadraginta
965 2515 1020 2579 illa
1041 2515 1226 2579 talentorum

166 2617 265 2682 millia
286 2620 455 2702 explevisse
478 2620 572 2694 tradi,
596 2623 644 2696 ut,
674 2621 700 2686 si
722 2621 790 2704 quis
812 2620 866 2684 illa
888 2620 991 2693 addat,
1014 2621 1111 2685 multe
1132 2618 1229 2699 maier

166 2722 221 2787 fiat
242 2743 373 2790 summa.
406 2728 442 2791 Ιιι
462 2727 525 2793 illis
544 2731 649 2793 autem
662 2729 739 2812 περὶ
760 2729 1013 2794 TAYTAMH
1029 2727 1227 2811 sigrufieatur.

168 2847 225 2910 que
256 2830 320 2895 loce
348 2818 395 2897 illi
421 2827 453 2896 iri
482 2834 591 2898 eastris
622 2835 760 2901 thesauri
788 2835 869 2917 eapti
897 2834 967 2898 sint.
1028 2836 1063 2898 T
1078 2833 1125 2898 bis
1147 2833 1180 2896 in
1201 2834 1235 2898 Γ

169 2937 286 2999 mutato
302 2937 365 3002 tres
380 2938 560 3018 habebimus
575 2941 707 3006 neminis
730 2941 880 3026 syllabas;
904 2940 1021 3022 quarta,
1045 2958 1115 3002 eum
1137 2937 1229 3002 effee-

167 3042 235 3105 tum
256 3045 339 3107 esset
360 3043 467 3109 ταῦτα
488 3043 549 3129 μή,
573 3048 621 3125 (ut
635 3047 797 3130 leiti,
818 3046 1015 3130 Vlupses)
1038 3043 1153 3109 omissa
1173 3047 1227 3113 est

168 3149 339 3229 prasertim
362 3134 402 3235 ip
430 3154 593 3234 sequente3
631 3155 697 3218 erat
725 3153 808 3220 enim
838 3157 889 3219 λα.
951 3150 1124 3235 scripserat
1147 3149 1228 3214 enim

169 3252 292 3319 Strabo:
313 3257 381 3321 τών
402 3263 439 3325 ἐν
460 3258 504 3343 τῷ
528 3261 741 3345 στρατοπέδω
764 3260 815 3344 τῷ
844 3261 948 3342 περὶ
969 3248 1228 3343 Γαυγάμηλα

169 3361 382 3444 inparatam
426 3363 566 3443 (Geretae,
597 3367 648 3449 qui
677 3367 755 3451 περί
781 3385 876 3448 prave
902 3364 1051 3436 mutavit,
1081 3381 1152 3427 eum
1179 3355 1229 3446 μή

168 3469 274 3532 temen
294 3489 469 3554 perversum
494 3490 560 3535 esse
581 3473 696 3537 reete
686 3492 719 3536 ιιι
719 3471 900 3544 tellexisset
922 3469 1110 3588 aKraruero
1127 3487 1230 3551 repre·

168 3558 353 3691 bensust
299 3579 360 3642 est.
363 3578 406 3655 )¹)

170 3761 366 3776 ..Μ-..Ἧ-

162 3868 166 3874 ’
202 3835 224 3901 ¹)
242 3839 311 3896 Ann.
331 3846 427 3933 philol.
453 3845 565 3899 Den.·V
592 3861 618 3913 p.
640 3846 721 3899 le‘et
739 3845 798 3899 159.
841 3842 941 3897 Eadem
967 3842 1107 3896 Strabonis
1132 3841 1232 3912 pagina

205 3946 209 3951 “
233 3942 317 4006 rial)
335 3939 415 4009 paulo
441 3941 513 4008 pest,
544 3937 592 3992 ubi
619 3937 675 3990 bae
701 3935 843 4004 leguntur:
883 3932 1034 4002 Εὐδαίμων
1062 3935 1087 3988 δ’
1115 3926 1188 3988 οὖσα
1215 3929 1231 4001 ἡ

242 4009 351 4093 Zeusis
364 4029 484 4099 ἔκπωραν
502 4030 552 4086 τὸν
570 4029 640 4101 ἀέρα
659 4028 714 4096 ἔχει
732 4020 778 4081 καλ
796 4025 975 4096 καυματηρὸν
990 4027 1046 4093 (καὶ
1062 4029 1125 4080 ante
1137 4046 1191 4081 aaa
1203 4027 1232 4080 in

243 4121 320 4178 eodd.
330 4122 441 4191 excidit)
450 4125 496 4179 καλ
508 4123 629 4192 μάλιστα
640 4121 689 4178 τὸν
703 4121 764 4189 περὶ
782 4116 833 4188 τὴν
852 4119 940 4181 πόλιν,
961 4116 998 4182 ὥς
1016 4136 1101 4187 φησιν
1119 4119 1232 4183 ἐκεῖνος,
