2580 4530
152 245 212 308 504
572 242 633 298 Lib.
652 242 702 300 IV.

110 442 147 518 V,
169 441 198 514 3,
223 438 322 518 ost).
356 440 402 503 Ae
413 439 582 508 Pausanias
602 443 668 525 ipse
689 441 734 506 ita
753 439 786 506 in
807 408 1005 506 Onomarcho
1026 441 1164 508 etPhilo·

110 547 190 612 melo
212 546 249 610 de
270 547 390 631 generis
411 549 623 614 communione
643 548 735 625 tacet,
758 545 990 612 onomarchum
1012 546 1046 611 et
1058 545 1164 630 Phayl·

3 640 10 677 ¹
109 654 173 717 lum
197 653 307 718 fratres
329 653 497 734 appellans,
518 657 553 720 ut
571 673 641 719 euru
661 652 732 718 illos
751 651 825 716 duos
840 650 952 716 naeres
967 670 1033 716 non
1047 654 1166 734 putasse

110 758 309 824 manifestum
347 758 403 834 sit;
444 775 501 822 nee
524 760 684 844 [lustinus
719 756 830 822 tatros
866 756 962 821 fuisse
1006 756 1164 842 significat

111 862 278 941 Diodorus,
311 884 372 931 non
405 864 562 939 dubitant,
596 864 669 947 quin
698 863 749 928 hic
776 864 808 927 et
829 881 855 928 e.
878 862 916 925 61
943 861 1166 929 Onomarehnm

111 969 276 1037 Philomeli
297 971 425 1037 fratrem
446 971 564 1048 dixerit,
586 971 717 1052 suntque
740 987 757 1032 e
777 967 1005 1042 remotioribus,
1027 968 1082 1052 qui
1103 987 1166 1033 enm

113 1081 290 1160 sequantur,
314 1076 612 1142 ntWaohsmuthins
635 1074 772 1152 (Hellen.
786 1071 1129 1152 Alterthumslrundel,
1151 1075 1165 1134 λ

110 1202 140 1264 p.
169 1183 230 1245 374
259 1184 305 1247 ed.
329 1185 378 1260 1),
400 1182 468 1247 aliis
495 1181 747 1247 dissentientibus
774 1181 823 1264 (ut
844 1178 948 1245 Curtio
968 1178 1003 1242 in
1024 1179 1099 1246 hist.
1121 1179 1165 1246 Gr.

112 1285 208 1371 Ilhp.
220 1289 304 1366 433).
345 1287 498 1370 Equidem
520 1287 608 1351 valde
630 1287 774 1370 suspicor,
797 1305 836 1351 ne
859 1285 1028 1350 Diodorum
1049 1285 1168 1369 quidem

111 1395 156 1458 ite
177 1394 319 1458 sensisse.
376 1393 457 1458 Nam
491 1395 623 1476 primum
660 1401 797 1476 (prorsus
830 1393 866 1457 ut
887 1390 1086 1470 Pausanias),
1119 1393 1167 1458 ubi

112 1480 515 1564 OnomarehnmPhilomelo
538 1500 646 1564 ducem
668 1498 849 1579 successisse
863 1497 978 1574 narrat,
999 1515 1026 1562 o.
1039 1499 1091 1576 31,
1110 1498 1168 1562 fra·

110 1605 267 1669 tenuitatis
295 1604 371 1668 adeo
403 1624 463 1669 non
495 1607 683 1670 mentionem
715 1604 803 1680 facit,
839 1604 875 1667 ut
908 1620 977 1666 eam
1011 1604 1168 1669 excludere

111 1710 213 1793 potius
227 1710 367 1775 videatur
382 1705 412 1787 (ὁ
429 1705 602 1798 συνάρχων
617 1704 708 1797 αὐτῷ
724 1702 910 1793 στρατηγός
923 1701 1164 1796 Ὀνόμαρχοςλς

113 1817 219 1881 eontra
239 1817 272 1883 in
291 1817 392 1900 prima
412 1819 534 1902 Phaylli
554 1818 709 1884 mentione
731 1835 757 1884 ο.
779 1817 835 1892 35,
865 1817 897 1880 et
916 1815 971 1880 ubi
993 1812 1066 1881 euin
1088 1815 1168 1880 Ono·

113 1922 235 1987 marcho
252 1925 453 1993 ,successisse
488 1926 600 2003 tradit,
641 1943 667 1989 c.
699 1923 755 1998 36,
790 1921 893 1987 fratris
927 1939 1041 1986 nomen
1076 1920 1167 2004 ponit.

113 2029 230 2094 Deinde
249 2030 316 2108 hoc,
339 2049 432 2113 aquo
448 2031 509 2095 orsi
529 2050 646 2111 sumus,
668 2031 747 2105 loeo,
778 2028 845 2111 quis
866 2026 988 2092 eredere
1009 2028 1121 2109 potest
1143 2027 1171 2093 si

112 2153 216 2199 omnes
241 2135 296 2200 hos
318 2139 380 2200 tres
402 2135 512 2202 fratres
538 2138 690 2218 putasset,
723 2135 766 2199 sic
790 2134 973 2215 scripturum
1000 2133 1112 2199 fuisse:
1149 2127 1167 2197 ὁ

113 2239 147 2304 δὲ
170 2231 699 2327 δεύτερος,-κροσαγορευόμενος
722 2233 946 2325 Ὀνόμαρχος,
971 2231 1170 2324 desipis&

111 2338 404 2428 άνΦιλομήλου,
438 2395 444 2408 .
471 2346 673 2430 ...τρίτος
705 2346 739 2411 δὲ
772 2340 936 2421 Φάυλλος,
970 2338 990 2409 o‘
1024 2338 1169 2431 άδελφδς

112 2443 341 2538 Ὀνομάρχου,
373 2453 461 2534 quasi
481 2451 666 2518 Onomarchi
696 2453 790 2517 frater
819 2471 879 2517 non
899 2452 983 2516 idern
1005 2452 1169 2519 Philomeli

112 2557 213 2634 fuerit,
237 2576 272 2621 ac
286 2576 347 2623 non
363 2556 533 2621 dicturum:
556 2553 720 2624 άτυάταν
741 2552 887 2642 άδελφός
908 2560 962 2622 aut
985 2559 1041 2623 καί
1065 2553 1169 2632 αὐτάς

114 2656 308 2746 Φιλομήλου
331 2656 476 2746 α’δελφός
503 2665 707 2730 similiterve?
749 2663 870 2748 ltaque,
898 2663 1041 2746 quoniam
1063 2667 1168 2731 tamen

111 2769 370 2851 propinquitatem
406 2769 538 2853 aliquam
562 2770 727 2836 Philomeli
762 2772 793 2835 et
814 2768 997 2836 Onomarchi
1027 2770 1056 2834 h.
1079 2772 1101 2836 1.
1139 2775 1171 2837 et

114 2893 139 2939 c.
163 2877 201 2936 61
237 2875 439 2958 significatam
470 2878 618 2959 apparet,
655 2880 783 2961 utroque
815 2877 879 2942 loco
916 2869 1169 2958 dietericus

111 2981 259 3063 scripturn
282 3000 300 3045 a
318 2981 449 3047 Diodoro
471 2982 564 3048 fuisse
584 2986 666 3066 puto.
1009 2989 1012 2996 '

212 3086 278 3151 lbd.
306 3088 361 3150 59:
403 3095 533 3170 ἔκρινεν
558 3081 627 3159 ,οὖν
662 3081 886 3177 συγκατάγειν
912 3081 949 3152 τά
982 3089 1051 3153 τάν
1079 3082 1167 3173 Ἀμ-

113 3190 301 3277 φικτυόνων
316 3194 498 3277 συνέδριον.
530 3195 744 3261 Seribendum:
772 3206 1027 3279 συναγαγεῖν
1051 3196 1168 3273 (XVII,

112 3300 234 3378 teto).

210 3405 277 3469 Ibo.
305 3405 342 3466 67
376 3407 446 3488 post
483 3398 687 3488 στρατιώτας
720 3406 753 3471 δὲ
788 3400 910 3485 τιεζοάς
939 3410 1005 3490 μὲν
1038 3433 1168 3474 πεντα-

111 3512 308 3595 κισμυρίους
335 3511 446 3576 excidit
473 3517 590 3584 ἱαπεῑς
612 3512 646 3576 δὲ
778 3512 913 3598 χιλίους.
962 3512 1030 3577 vid.
1065 3532 1091 3578 o.
1117 3514 1163 3576 77.

111 3615 192 3694 Quot
215 3618 302 3683 milia
322 3616 473 3682 Diodorus
495 3617 639 3700 posuerit,
660 3616 772 3681 neseio.

209 3723 276 3789 Ibd.
309 3724 364 3787 83:
404 3731 452 3788 ἔτι
491 3723 524 3790 δὲ
563 3715 700 3809 πύργων
736 3713 917 3808 άξιολόγων
956 3718 1166 3798 κατασκευαῖς

3 3884 7 3893 ,
111 3827 165 3890 καὶ
188 3820 317 3909 τάφους
336 3829 539 3914 πυραμίδων
560 3827 696 3894 πολλῶν
722 3828 776 3892 καί
798 3818 969 3914 μεγάλων,
994 3828 1165 3914 διαφόρων

109 3946 183 4005 ταῖς
199 3935 433 4020 φιλοτεχνίαις.
470 3934 604 4000 Ridiculi
615 3936 687 4000 eunt
700 3927 800 4018 τάφοι
817 3935 1026 4018 πυραμίδων.
1052 3934 1164 4002 Sorib.:

110 4039 165 4103 καί
189 4036 291 4104 κατά
314 4037 444 4127 τάφους
468 4040 670 4126 πυραμίδων
697 4041 834 4108 πολλάν
856 4042 911 4106 καί
932 4035 1100 4126 μεγάλων,
1129 4045 1165 4108 ut
