2580 4530
186 269 246 333 452
606 261 666 318 nro.
686 261 739 318 ur

146 460 309 548 σώτειραν
345 461 412 528 τῶν
441 462 647 557 λεχθέντων,
682 454 915 544 οἷπεινωομὲνα
945 459 988 547 τῇ
1015 460 1084 525 τῶν
1118 461 1203 550 κλμ-

146 573 299 639 οθὲντων
334 568 378 655 τῷ
422 570 503 654 πυρὶ
531 563 595 653 τήν
626 560 887 653 οἷμετοέοτροφον
918 556 1204 651 ἐπεργαζομένων

147 672 305 764 δύναμιν.
349 676 488 741 Primum
509 675 572 742 iam
594 675 648 740 alii
674 675 833 741 senserunt
852 691 912 739 non
933 672 1026 738 umbo
1052 662 1109 737 n'oo
1135 688 1205 737 ora-

145 786 263 851 tionem
298 781 436 849 habitam
468 783 507 848 ab
539 783 654 864 Atropo
690 779 826 855 servaris
861 780 1096 862 oonuptumque
1138 795 1206 843 osse

147 887 353 978 λεχθέντων,
391 887 446 953 sed
481 887 656 972 corrigendo
696 886 889 961 aberramnt3
932 885 1128 968 sortiendum
1160 884 1208 949 ost

148 999 231 1065 enim
253 997 532 1082 πλεχθέντων.
573 994 691 1059 Deinde
723 995 756 1058 in
776 992 922 1075 proximis
942 991 1032 1057 valdo
1054 991 1209 1068 aberrant,

147 1102 327 1188 longissime
355 1101 567 1178 Hormannus,
600 1101 703 1165 omniu
730 1100 796 1164 veri
826 1097 959 1181 vestigia
983 1098 1111 1173 tollens,
1135 1096 1209 1161 dum

148 1209 300 1294 ignorem,
320 1207 385 1292 igni
407 1207 439 1270 et
460 1204 614 1290 coquendo
637 1206 681 1284 (in
702 1210 794 1288 aqua)
825 1204 919 1270 etiam
940 1204 1022 1286 apud
1042 1221 1098 1268 nos
1118 1202 1209 1268 filue

148 1315 212 1381 lino
234 1314 325 1380 dueta
346 1312 386 1378 ad
408 1332 499 1378 nsum
521 1311 621 1394 parari
655 1312 687 1375 et
713 1311 839 1376 firmam
888 1310 1088 1376 Seribendum
1114 1309 1210 1393 igitur

152 1421 324 1488 celtissima
344 1418 573 1484 emendatione:
609 1410 928 1502 οἷπεικαομένην
961 1441 1010 1504 ay
1033 1415 1102 1480 τῶν
1124 1417 1211 1479 κλω-

152 1529 306 1594 σθέντων
333 1525 378 1612 τῷ
402 1525 484 1609 aopi
507 1518 571 1609 τήν
599 1517 860 1608 οἷμετοῖοτροφον
887 1516 910 1588 οἷ
916 1548 989 1606 περ
997 1510 1210 1609 γὀζομὲνρ

152 1626 314 1717 δύναμινε
336 1629 469 1697 similem
502 1631 726 1712 quodammodo
758 1630 838 1715 igni,
873 1630 926 1713 qui
951 1629 1012 1695 filis
1049 1629 1114 1696 vim
1141 1647 1211 1694 earn
1273 1667 1276 1672 ,

152 1739 213 1814 dat,
236 1740 272 1804 ut
292 1737 405 1804 resolvi
426 1738 590 1821 nequeant.

601 2050 685 2132 Cap.
708 2050 766 2115 IV.

465 2225 590 2280 Oratores
607 2205 704 2283 Attici.
740 2225 908 2294 Aristoteles.

256 2361 400 2428 Oratores
421 2361 544 2428 Atticos
565 2381 670 2428 omnes
691 2362 808 2446 perlegi
829 2382 859 2427 a.
883 2362 963 2424 1842
986 2364 1018 2428 et
1043 2363 1134 2443 1843,
1156 2384 1214 2430 non

154 2469 270 2534 minute
299 2467 419 2552 singula
450 2468 631 2552 expendens.
674 2469 785 2535 Postea
814 2467 966 2542 Isooratis‚
1002 2468 1117 2553 Lysiae,
1150 2471 1215 2536 Do·

155 2573 324 2639 mosthenis
366 2574 482 2656 aliquot
524 2572 676 2638 orationes
716 2573 810 2638 etiam
857 2593 927 2638 oum
969 2573 1215 2644 adolescentibus

154 2680 293 2755 traotavi,
315 2679 477 2745 verborum
501 2698 618 2763 quoque
640 2680 771 2745 formam
797 2679 974 2764 diligentius
1004 2682 1145 2766 exigens*
1161 2701 1216 2749 neo

156 2788 261 2850 tamen
283 2786 383 2850 multa
403 2787 557 2852 annotari.
594 2786 630 2850 In
652 2786 731 2865 aliis,
754 2787 789 2850 ut
810 2787 942 2852 Isocrate
955 2787 1217 2867 etDemosthene,

155 2911 215 2956 non
247 2892 292 2957 ita
323 2910 453 2975 magnus
482 2893 530 2957 est
557 2892 738 2957 oonieoturae
772 2913 854 2971 usus,
883 2893 1023 2980 maliis,
1051 2896 1087 2960 ut
1115 2896 1217 2980 Lysia,

158 3016 268 3080 parum
289 2996 392 3062 tutum
413 2998 506 3063 habet
526 2997 774 3076 fundamentum
796 3000 854 3064 etsi
876 3001 995 3084 egregio
1016 2999 1060 3065 ibi
1083 3020 1128 3075 ea,
1152 3021 1218 3085 qua

158 3104 235 3181 erat,
268 3102 400 3167 materia
436 3104 484 3169 usi
520 3105 593 3169 sunt
629 3103 788 3182 canterus,
822 3103 1032 3185 Marklandus
1068 3106 1219 3186 Tailerue,

157 3208 311 3284 Reiskius,
335 3208 484 3288 Dabrona,
505 3210 677 3293 Emporias,
698 3211 753 3277 alii
773 3230 878 3294 nuper.

260 3315 353 3402 Apud
373 3315 602 3402 Antiphontem
624 3316 662 3380 de
683 3317 764 3393 oaede
786 3317 900 3382 Herod.
922 3317 939 3400 ξ
961 3317 1002 3380 50
1023 3317 1221 3384 scribendum

159 3440 241 3488 esse:
275 3406 456 3506 iniurato,
493 3418 545 3486 ὅτι
578 3418 655 3487 τότε
693 3417 902 3488 παύοοιτο
934 3426 999 3505 (pro
1036 3415 1225 3502 παύσαιτο)

160 3519 440 3614 στρεβλούμενος,
473 3527 534 3592 dixi
554 3527 618 3592 iam
644 3528 878 3614 Bemerkungen
900 3549 953 3594 zur
980 3528 1091 3613 grieoh.
1115 3528 1221 3595 Wart-

161 3620 314 3717 ldgungsl.
338 3651 368 3714 p.
392 3627 484 3698 2411.
511 3635 558 3696 16.

230 3729 233 3732 ”
260 3739 352 3822 Apud
372 3739 570 3806 Andocidem
592 3740 629 3803 de
651 3741 775 3823 myster.
801 3739 818 3822 ᾗ
843 3740 900 3802 141
926 3738 1142 3806 scribendum:
1158 3741 1221 3808 ,καλ

161 3838 265 3917 ὅπως,
288 3845 424 3911 εἴποτέ
451 3872 502 3919 τις
527 3839 644 3918 αὐτοῖς
669 3839 693 3930 ἢ
719 3844 788 3910 τών
821 3851 853 3922 ἐξ
875 3845 1018 3920 ,ἐκείνων
1050 3849 1119 3913 τινλ
1152 3850 1222 3913 τίν·

162 3949 262 4020 δυνος
292 3946 515 4035 γενήσεται
547 3963 612 4036 (pro
642 3945 834 4038 γένηται)ἢ
863 3947 1033 4036 ονμφοροὶ,
1063 3945 1220 4033 οολζοιντο

162 4049 363 4143 συγγνώμης
384 4051 464 4143 παρ’
485 4053 584 4144 ὁμοῖν
605 4051 836 4146 τυγχάνοντες.
