2580 4530
601 289 663 345 Lib.
682 280 703 342 i.
1077 286 1133 352 1-8l

115 509 147 556 sc
161 508 288 575 sperare
297 490 434 556 reditum
446 488 508 555 sibi
517 489 556 553 ab
568 487 712 570 Apolline
723 487 831 554 datum
846 489 1090 574 promissumque
1102 506 1177 555 esse.

115 595 236 662 Corruit
257 598 356 683 igitur
375 597 443 662 tota
464 594 608 672 defensio,
631 593 726 658 eliam
749 593 787 659 de
806 594 921 677 poetis;
939 614 996 660 nec
1017 595 1178 680 quisquam

114 704 186 781 ium,
207 702 327 786 opinor,
349 701 504 769 dubitabit
518 700 600 784 apud
613 700 782 765 Isocratem
798 718 916 784 quoquc
927 701 967 766 sd
978 701 1178 767 Demonicum

112 806 186 891 ξ24,
207 807 395 874 unientur:
417 804 538 893 ἤλπιζε
559 801 624 893 γοῖρ
647 798 754 872 ου’κόν
777 808 831 872 καὶ
855 809 934 892 περὶ
958 812 992 873 ot
1014 810 1175 895 γενέσθαι

111 914 283 989 τοιοῦτον,
307 910 377 988 οἷος
399 915 455 981 καλ
478 915 554 998 περὶ
578 914 726 985 ἐκείνους
747 920 875 1000 γέγονε,
896 914 1058 979 restituere
1078 908 1177 1001 γενή-

112 1027 239 1088 σεσθαι
267 1039 323 1103 pro
351 1023 531 1108 γενέσθαι,
567 1021 601 1084 ut
632 1021 722 1102 paulo
752 1021 823 1084 ante
845 1020 933 1105 ⁵apud
952 1019 1120 1085 Diodorum
1147 1023 1177 1086 et

111 1128 295 1194 Strabonem
324 1126 429 1210 ieci2).
482 1126 581 1205 (Idem
608 1144 705 1202 error,
741 1125 847 1190 eadem
876 1127 1021 1192 correctio
1039 1127 1177 1193 indenda

110 1234 272 1300 Plutarchi
291 1231 359 1297 Nic.
384 1251 412 1298 c.
438 1234 503 1314 11.)
545 1232 592 1297 De
613 1231 652 1296 iis
673 1233 764 1309 locis,
796 1233 959 1315 inquibus
983 1232 1176 1315 προσδοκᾶν

108 1360 179 1406 cnm
215 1340 332 1405 aoristo
368 1356 424 1422 pro
455 1336 557 1402 futuro
592 1338 786 1404 coniunctum
826 1338 975 1415 creditm,
1011 1338 1061 1403 vir
1100 1358 1175 1422 opus

111 1450 158 1512 est
200 1447 319 1522 dicore3
366 1445 444 1509 adeo
490 1449 563 1509 sunt
605 1445 637 1509 et
683 1445 772 1527 pauci
817 1445 849 1508 in
891 1444 1012 1509 infinita
1053 1447 1175 1510 contra-

109 1555 227 1619 riorum
251 1548 504 1617 multitudineot
534 1552 642 1616 erroris
673 1551 843 1626 manifesti3
877 1569 950 1615 nam
975 1548 1007 1612 in
1027 1549 1173 1614 Isocratis

108 1660 186 1724 orat.
209 1659 251 1723 ae
273 1656 368 1724 anan.
391 1657 409 1740 ς
431 1657 492 1718 an
512 1640 596 1722 retae
618 1675 700 1721 nuno
721 1675 757 1721 ex
780 1657 927 1722 narsae
949 1656 1049 1720 entur
1072 1649 1173 1742 yat-

110 1771 236 1830 οεοθαι
255 1758 516 1847 προσεδόκησεν,
538 1764 612 1828 olim
628 1764 694 1828 erat
707 1768 880 1851 pentolina,
903 1763 1071 1840 comendo,
1092 1762 1174 1845 quod

108 1891 144 1936 er
159 1871 241 1936 orat.
254 1870 295 1934 sd
305 1869 463 1934 Demonic.
485 1869 611 1946 sustuli3
632 1870 773 1935 restabat
788 1869 869 1953 apud
880 1868 1011 1933 eundem
1022 1868 1172 1953 Panegpr.

107 1978 178 2059 §59
201 1969 401 2062 βιάσασθαι
424 1970 670 2060 προσδοκήσας,
691 1975 774 2057 apud
783 1976 894 2040 lsaeum
906 1974 962 2052 xl,
985 1975 1023 2036 22
1048 1979 1173 2050 ἐξαπα-

107 2086 219 2169 τῆσαι,
232 2084 301 2148 haec
312 2100 433 2165 qnoque
439 2099 536 2164 nuper
542 2082 684 2147 correcta.
702 2068 1068 2162 (DoAristoph.'ran.901
1081 2091 1173 2164 supra

108 2191 228 2256 dictum
241 2189 311 2266 est.)
340 2187 402 2252 Sed
412 2188 518 2252 tamen
539 2188 689 2268 superest,
710 2188 814 2271 inquo
826 2188 900 2252 olim
921 2186 997 2252 haesi
1019 2186 1171 2260 (Bemmlr.

107 2297 209 2379 p43),
232 2292 715 2377 msehyliloousinngamoro:
744 2296 920 2360 Meritone
928 2288 993 2380 γάρ
1003 2285 1171 2378 οὗνΠρώ-

106 2400 167 2468 τόν
185 2428 224 2466 τε
237 2404 294 2466 καλ
306 2393 455 2484 μάλιστα
469 2392 638 2482 προσδόκο
657 2402 788 2483 μολεῖν.
832 2399 985 2466 sedidem
997 2402 1046 2468 hic
1058 2405 1171 2468 ceteros

106 2528 218 2593 meque
244 2507 365 2589 decepit
385 2504 607 2587 interpretandi
634 2524 731 2583 error,
764 2507 816 2589 qui
843 2507 874 2573 in
903 2508 1171 2591 Iphigeniae-Tau-

106 2616 178 2680 rlcae
200 2615 282 2680 loco.
325 2613 407 2676 Nam
441 2611 467 2676 si
499 2613 620 2692 μολεῖν
652 2612 689 2676 de
720 2612 822 2676 futuro
850 2613 984 2678 adventu
1012 2614 1170 2697 accipitur,

107 2721 240 2785 mirifica
263 2719 359 2784 oritur
379 2716 411 2781 in
432 2717 577 2799 proximis
598 2718 784 2802 tautologia:
808 2722 839 2783 εἰ
863 2712 892 2784 ‹l’
910 2711 974 2786 οὖν
987 2769 994 2784 .
1009 2769 1016 2784 .
1031 2767 1051 2794 .,
1076 2722 1171 2792 ἐλπίς

109 2852 156 2899 τις
180 2819 292 2890 αὐτόν
314 2817 401 2906 πρός
423 2819 551 2906 δόμους
573 2819 666 2908 ἥξειν
689 2817 803 2890 πολλιν.
846 2826 955 2910 ltaque
976 2829 1106 2910 μολεῖν,
1136 2825 1171 2889 ut

106 2934 239 3015 oportet,
261 2929 451 3012 praeteritum
472 2931 595 3013 tempus
617 2929 771 3014 significat
792 2934 899 3015 estque
920 2933 985 2998 haec
1003 2932 1170 2998 sententia:

108 3037 289 3101 Menelaum
311 3033 413 3118 igitur,
436 3034 474 3098 de
496 3054 555 3117 quo
580 3035 726 3118 quaeritis,
748 3037 881 3121 primum
904 3039 1094 3120 maximeque
1116 3037 1170 3101 ad·

108 3146 255 3206 tentasse
279 3139 350 3218 (iter
370 3139 429 3204 huc
451 3140 632 3220 tetendisse)
664 3142 774 3208 scitote
804 3145 836 3208 et
855 3145 887 3208 in
910 3144 965 3208 illa
985 3144 1169 3227 tempestate

112 3248 223 3323 inisse3
245 3246 273 3311 si
288 3245 383 3328 igitur
397 3245 468 3310 inde
484 3246 591 3326 evasit,
613 3266 683 3330 spes
699 3249 755 3325 est,
778 3267 848 3314 eum
861 3248 1030 3314 reditumm
1045 3247 1170 3312 domum

109 3373 185 3420 esse.
231 3353 392 3417 Postremo
415 3350 476 3414 dixi
491 3351 565 3416 olim
580 3352 712 3418 fortasse
728 3355 931 3438 suspicionem
945 3352 982 3417 dc
997 3353 1170 3435 exceptione

108 3460 225 3525 aoristo
249 3456 332 3541 apud
352 3457 480 3546 verbnm
498 3457 610 3523 δοκεῖν
631 3459 732 3524 danda
747 3459 888 3525 subnasci
909 3477 1005 3541 posse,
1028 3457 1169 3523 sedeam

133 3655 158 3721 ¹)
178 3655 308 3709 Fortasse
325 3656 437 3711 carendi
455 3659 551 3712 erroris
570 3675 649 3715 causo
666 3660 720 3714 iam
735 3661 782 3714 hic
802 3657 973 3728 corrigendus
991 3660 1032 3712 est
1049 3657 1171 3711 Platonis

176 3748 253 3802 locus
271 3747 305 3801 de
323 3765 379 3818 rep.
399 3751 422 3804 V
439 3768 465 3820 p.
476 3754 527 3807 451
538 3751 569 3814 A,
589 3752 641 3805 etsi
659 3751 699 3807 ibi
718 3770 794 3807 nemo
813 3750 891 3806 facile
909 3750 1055 3819 coniungat
1073 3749 1170 3813 ἐλπίζω

174 3840 320 3910 γενέσθαι.
359 3841 413 3895 Sed
431 3842 572 3898 barbarum
584 3846 626 3899 est
646 3847 679 3898 ut
695 3845 766 3914 quod
780 3845 904 3900 maxime:
938 3841 1036 3908 ἐλπίζω
1061 3840 1171 3896 ἔλαττον

175 3931 332 4003 ἁμάρτημα
361 3934 451 4001 φονέα
481 3937 621 4004 γενέσθαι.
669 3937 777 3992 Excidit
802 3934 872 3991 εἶναι
898 3937 961 4005 post
983 3936 1088 3990 litteras
1108 3954 1172 4002 ημα,

178 4027 406 4096 scribendumque
433 4030 485 4081 est:
511 4029 609 4096 ἐλπίζω
635 4030 735 4095 (credo)
755 4027 807 4097 γὰρ
826 4024 875 4084 οὖν
894 4027 1006 4084 ἔλαττον
1024 4024 1172 4097 ἁμάρτημα

175 4118 247 4176 εἶναι
266 4121 410 4182 ἀκουσίως
427 4119 501 4184 τινὸς
520 4122 609 4190 φονέα
626 4123 755 4191 γενέσθαι
774 4117 790 4191 ἢ
810 4118 960 4178 ἀπατεῶνα
978 4145 1002 4178 κ.
1021 4144 1043 4178 τ.
1062 4127 1084 4176 λ.
