2580 4530
578 260 637 318 Lib
656 262 709 319 ΙΙΙ.
835 314 838 319 .
1072 261 1132 325 473

208 461 276 527 Ibd.
300 479 326 524 o.
344 462 363 522 2
384 481 415 543 p.
438 459 499 521 426
523 460 587 543 b(§
610 459 656 536 9)ff
695 459 770 539 Quae
792 458 972 535 sentiantur,
994 459 1176 525 Aristoteles

106 568 171 646 ait,
206 585 276 631 oum
310 567 475 653 εἰλικρινῆ
511 567 565 631 καὶ
599 558 706 652 simo}
742 561 864 649 ἄγηται
898 569 946 653 σζς
981 560 1042 632 ado
1074 559 1176 652 λόγον

108 673 164 754 (ad
184 672 338 738 rationem
352 672 551 748 adducantur,
573 674 608 736 ut
629 689 726 754 neque
746 670 842 735 nimia
862 660 958 755 neque
981 668 1071 738 'exilia
1091 671 1175 749 sint),

106 773 512 853 iucundeesse,ve1ut‚vd
537 768 598 852 σ’ξῦ
619 770 642 861 ἢ
665 770 817 863 pionii
850 769 1014 859 α’λμωρόν.
1058 777 1177 844 Deinde

107 885 210 950 addit:
234 879 320 957 ὅλως
341 885 375 950 δὲ
398 885 532 967 μᾶλλον
566 879 603 949 τό
640 878 763 962 μικτόν
794 885 971 969 συμφωνία
1003 879 1025 969 ἢ
1053 878 1092 949 sd
1117 876 1178 960 σ’ξν

108 985 259 1077 Moror),
281 985 351 1076 ἁφή
373 991 407 1056 δὲ
430 985 467 1056 τό
491 985 693 1075 depredando
719 984 741 1074 ἢ
768 986 909 1071 denudo.
952 993 989 1057 In
1015 991 1064 1057 his
1096 991 1178 1055 recto
1249 1017 1251 1021 ’

108 1082 299 1164 Tonstrikius
320 1098 397 1163 vidit
419 1097 588 1179 separanda
619 1096 768 1161 aoeteris
791 1115 858 1161 esso
886 1096 1001 1179 prima:
1035 1091 1120 1167 ὅλως
1143 1095 1177 1161 δὲ

107 1207 246 1289 μᾶλλον
267 1204 305 1270 τό
335 1197 458 1289 μικτόν
487 1204 676 1279 (universe
708 1204 834 1267 tamen
861 1203 986 1288 magis
1015 1201 1180 1269 iucunda

110 1312 200 1376 sunt
234 1311 355 1376 mixta
383 1311 421 1374 et
442 1310 677 1391 composita).
727 1308 789 1373 Sed
816 1308 929 1374 iniuria
949 1308 1066 1393 reliqua
1086 1306 1179 1386 tollit,

109 1437 176 1501 qnae
218 1417 359 1500 exempla
387 1416 544 1480 continent
581 1416 821 1497 compositorum
852 1416 952 1500 magis
979 1413 1179 1478 iucundorum

109 1523 302 1608 appositione
323 1521 476 1600 adiuncta,
502 1524 640 1603 utsupra
661 1521 861 1605 simplicium:
884 1518 968 1595 ὅλως
991 1519 1180 1606 δὲμᾶλλον

110 1625 147 1696 sd
170 1623 310 1714 μικτόν,
345 1628 525 1713 συμφωνία
558 1621 638 1711 riso
661 1622 720 1703 σ’ξσ
743 1622 765 1711 ἢ
785 1622 889 1712 βαρν,
923 1620 1008 1712 ..ἢ
1028 1620 1067 1694 τό
1093 1632 1180 1711 θερ-

110 1730 248 1822 μαντὸν
269 1729 294 1822 ’ἤ
316 1728 458 1819 porario.
490 1735 637 1817 Apparet,
660 1735 713 1798 ubi
733 1739 848 1817 pnneta
868 1733 966 1818 posui,
988 1726 1179 1818 σσσσσσῖφὴ,

112 1843 193 1926 quod
213 1844 248 1908 in
268 1842 422 1915 eodieibus
445 1843 502 1919 est,
524 1860 621 1924 neque
644 1834 726 1927 α’φῄ,
749 1842 829 1924 quod
841 1841 921 1924 apud
933 1839 1127 1922 Simplicium
1149 1841 1181 1905 et

111 1947 325 2032 Philoponum,
345 1947 418 2012 ferri
432 1965 531 2030 posse,
541 1947 595 2010 sed
605 1946 720 2030 requiri
730 1934 910 2013 vocabulum
921 1945 1050 2010 mixtam
1060 1946 1180 2028 tempe·
1205 1982 1207 1987 π

111 2055 249 2120 naturam
283 2053 475 2138 significans,
513 2072 579 2136 quae
607 2053 639 2117 in
669 2053 756 2116 tactu
781 2053 887 2117 eodem
914 2051 1005 2118 modo
1031 2050 1070 2115 ad
1095 2057 1181 2134 dep-

112 2154 246 2244 μαντὸν
268 2161 301 2225 et
321 2154 454 2239 ψσκτόν
476 2178 509 2223 se
530 2158 653 2235 habeat,
681 2177 739 2240 qno
771 2156 802 2221 in
825 2156 931 2222 auditu
953 2158 1119 2222 conuentus
1142 2156 1182 2221 ad

114 2269 237 2331 acutum
264 2267 296 2330 et
315 2284 423 2351 grave3
447 2284 482 2329 ea
504 2267 552 2329 est
573 2257 665 2350 α’λέα.
712 2263 874 2346 Scripsisse
899 2263 994 2347 igitur
1014 2263 1087 2344 puto
1109 2262 1182 2326 Ari·

113 2372 272 2436 stotelem:
296 2367 394 2436 α’λέα
429 2364 457 2437 δ’
479 2365 501 2456 ἢ
524 2365 562 2435 τό
587 2366 785 2455 θερμαντὸν
808 2363 830 2455 ἢ
854 2363 991 2449 ψυκτόν,
1028 2368 1081 2432 sed
1113 2387 1182 2432 eam

114 2477 296 2559 scripturam
317 2477 380 2542 iam
408 2480 479 2542 ante
508 2480 648 2542 veterum
676 2479 885 2543 enarraturum
917 2476 1042 2541 aetatem
1073 2473 1182 2556 depra-

78 2589 81 2598 '
114 2584 215 2647 vatam
241 2600 316 2646 esse.

212 2687 280 2752 Ibd.
304 2688 394 2770 paulo
417 2692 486 2771 post
506 2689 540 2771 (ξ
565 2689 616 2772 12)
645 2689 854 2755 scribendum:
878 2681 919 2754 ου’
941 2682 1026 2753 κατα
1050 2689 1182 2772 suppte-

113 2788 221 2878 βηνός
242 2787 281 2858 τό
303 2790 323 2859 ὅ
330 2820 366 2858 τι
389 2798 456 2876 (pro
477 2792 515 2861 τό
538 2793 618 2874 ὅτε).

212 2900 280 2965 Ibd.
293 2920 319 2964 e.
332 2902 352 2962 3
363 2922 392 2983 p.
405 2902 465 2962 427
479 2903 497 2966 b
510 2901 541 2984 (ᾗ
562 2903 607 2981 4);
632 2897 683 2966 ὅτι
708 2895 737 2966 δ’
754 2893 815 2965 οὐκ
832 2905 922 2962 ἔστιν
934 2891 955 2981 ἦ
968 2891 1054 2982 αὐτή
1067 2896 1182 2983 νόησις

116 3008 168 3072 καὶ
190 3000 376 3092 ὑπόληψις,
406 3003 564 3092 φανερόν.
611 3007 657 3070 De
685 2997 799 3088 νοήσει
825 3005 946 3069 omnino
974 3024 1035 3068 non
1069 3005 1181 3088 agitur,

115 3113 167 3178 sed
188 3133 260 3178 oum
283 3114 400 3177 dietum
422 3116 516 3192 esset,
539 3106 714 3196 oedippus
725 3130 783 3175 non
796 3129 863 3175 esse
876 3107 959 3175 ἄνευ
982 3111 1181 3194 φαντασίας,

114 3220 298 3293 ostenditur,
328 3239 389 3285 non
412 3220 520 3286 eadem
546 3221 650 3284 tamen
675 3218 739 3282 haee
761 3235 843 3283 esse:
878 3213 931 3283 ὅτι
954 3208 984 3282 d'
1005 3209 1067 3282 οὐκ
1090 3220 1182 3280 ἔστιν

115 3325 248 3401 (auditur
270 3321 490 3411 φαντασιά)ἦ
512 3320 599 3409 αὐτή
625 3326 679 3390 καὶ
701 3317 887 3408 ὑπόληψις,
911 3316 1071 3405 φανερόν.
1109 3321 1181 3387 Non

115 3429 306 3497 intellectum
328 3435 384 3499 καὶ
406 3436 477 3517 post
498 3428 520 3519 ἡ
543 3425 629 3515 αὐτή
652 3431 763 3508 effecit,
791 3431 826 3494 ut
853 3429 1015 3495 adderetur
1036 3428 1181 3493 substan-

114 3536 212 3601 tivum
233 3556 371 3620 pravum.
415 3539 456 3602 Et
481 3539 634 3603 omitt'tur
657 3530 772 3621 νόησις
792 3537 824 3600 in
847 3536 911 3600 eod.
924 3532 1180 3599 Parisiensi2034

116 3641 185 3714 (vid.
208 3644 410 3710 Trendelenb.
434 3644 518 3727 praef.
542 3664 572 3726 p.
595 3644 675 3727 LX).
717 3644 792 3707 Haeo
813 3659 930 3724 quoqne
955 3643 1061 3706 tamen
1083 3638 1180 3704 intor-

114 3750 227 3830 polatio
248 3750 418 3834 Philopono
442 3751 473 3815 et
494 3750 650 3836 Simplicio
674 3748 824 3833 antiquior
846 3750 901 3812 est.
909 3747 934 3827 ¹)

119 3915 319 3939 5-—

142 4001 164 4072 ¹)
182 3999 296 4057 111'0.3
314 4017 341 4069 p,
359 3977 411 4055 428
428 4015 445 4053 a
463 3999 486 4067 (ξ
498 4001 524 4066 7)
543 4001 666 4054 notorem
684 3996 802 4051 tollenda
820 3995 900 4050 verba
918 3995 981 4051 τότε
1000 3994 1016 4067 ἢ
1037 3993 1145 4067 ἀληθὴς
1164 3990 1181 4065 ἢ

183 4093 303 4164 ψευδής.
335 4091 437 4146 Eadem
455 4094 561 4146 notasse
578 4091 656 4146 video
674 4089 862 4144 Torstrikinm.
