2580 4530
482 1739 485 1743 ,
605 1662 727 1737 Liber
752 1664 827 1738 III.

650 1828 736 1913 Cap.
763 1831 788 1896 I.

544 1982 702 2046 Herodotus,
722 1966 898 2054 Thucydides.

285 2117 310 2182 Ε
341 2137 437 2201 prosae
450 2120 610 2186 *orationis
638 2119 835 2205 scriptoribus
865 2123 1028 2202 antequam
1062 2116 1106 2195 acl
1129 2116 1248 2182 Atticos

188 2223 338 2302 venimus,
350 2225 547 2309 attingendus
559 2227 617 2304 est,
633 2246 724 2310 quern
735 2227 824 2292 huius
834 2226 1007 2295 litterarum
1022 2224 1128 2289 formae
1143 2222 1249 2289 ordina

187 2327 356 2410 prinoipem
391 2331 484 2396 simul
519 2333 557 2398 ob
594 2333 768 2417 argumenti
803 2331 1039 2414 amplitudinem
1076 2331 1250 2414 ingeniique

188 2430 351 2499 candorem
372 2438 404 2501 ct
425 2437 609 2505 suavitatem
631 2457 811 2509 veneramur
826 2442 858 2504 et
872 2437 1044 2521 ,diligimus
1065 2436 1251 2513 Herodotus,

189 2538 244 2603 sed
271 2539 468 2634 attingendus
498 2545 630 2610 tantum.
673 2545 754 2609 Nam
785 2564 854 2609 eum
883 2563 953 2608 cum
977 2545 1167 2627 postremum
1188 2543 1251 2627 legi

189 2665 215 2709 a.
241 2646 332 2723 1847,
352 2666 449 2731 neque
470 2649 514 2714 ita
535 2669 649 2734 magna
669 2650 746 2715 mihi
772 2650 839 2715 visa
862 2651 910 2714 est
933 2649 1004 2732 post
1026 2667 1076 2724 ea,
1107 2668 1175 2732 quae
1197 2649 1251 2714 alii

190 2754 389 2825 correxerant,
411 2750 593 2821 necessariae
614 2757 795 2822 coniecturae
816 2757 946 2820 materia
967 2775 1033 2821 esse
1056 2755 1098 2834 (in
1120 2773 1179 2837 quo
1201 2773 1251 2818 me

188 2855 319 2923 fortasse
342 2860 482 2925 celeriter
502 2861 654 2946 legentem
682 2865 714 2927 et
734 2863 846 2944 praeter
866 2880 915 2926 res
945 2861 984 2926 ad
1014 2860 1154 2944 syntaxin
1184 2878 1252 2925 ora-

189 2963 283 3028 tionis
313 2967 466 3031 attentum
499 2968 639 3050 qnaedam
675 2967 806 3033 fortasse
834 2968 1021 3047 fefellerunt)
1049 2985 1147 3050 neque
1177 2967 1249 3031 dum

191 3068 229 3131 ad
257 3070 464 3138 coniecturam
492 3075 523 3138 in
557 3058 671 3140 Gracia
702 3074 901 3158 scriptoribus
933 3060 1130 3138 exercendam
1161 3072 1251 3137 valde

191 3176 409 3241 consuetudine
439 3178 620 3244 exercitatus
649 3200 748 3259 eram3
777 3182 809 3246 et
836 3181 1077 3245 instrumentum
1109 3176 1251 3242 criticum

190 3279 228 3343 ad
251 3283 465 3348 auctoritatem
491 3270 720 3368 ponderandam
754 3286 926 3369 indiciaque
953 3285 1132 3350 mendorum
1162 3302 1251 3365 repe·

190 3386 296 3451 rienda
317 3408 426 3470 parurn
447 3392 582 3474 locuples
605 3395 681 3469 erat,
704 3392 744 3458 ad
765 3390 844 3475 quod
865 3391 973 3473 postea
1000 3410 1067 3473 quae
1096 3390 1177 3455 iacta
1204 3391 1251 3455 est

190 3495 340 3573 accessio,
381 3497 445 3560 eius
465 3499 689 3575 ,examinanda
725 3498 820 3562 otium
854 3514 915 3560 non
944 3494 1010 3560 fuit.
1073 3497 1182 3580 Itaque
1213 3496 1251 3562 ad

190 3599 307 3679 priores
343 3601 436 3667 libros
473 3622 585 3684 pauca,
631 3605 670 3669 ao
704 3605 855 3668 extremos
875 3632 878 3655 ι
897 3601 974 3667 nihil
1008 3603 1098 3667 huius
1131 3604 1252 3688 generis

190 3706 348 3784 annotavi,
390 3726 426 3773 er
462 3709 501 3774 iis
534 3713 653 3787 autern,
689 3728 756 3792 quae
795 3707 951 3781 annotavi,
988 3707 1049 3772 alia
1083 3709 1147 3773 iam
1184 3712 1250 3774 turn

190 3813 340 3893 praecepta
372 3815 460 3879 erant
492 3818 538 3892 (ut
570 3816 600 3892 Ι,
641 3813 700 3875 106
736 3812 924 3898 calculans
958 3832 976 3877 a
1008 3813 1156 3893 Dobreo)‚
1192 3815 1252 3880 alia

189 3917 299 3999 postea
331 3919 456 3985 inventa
488 3923 560 3986 sunt
592 3920 638 3999 (ut
660 3919 708 3994 II,
741 3920 783 3981 30
810 3919 1023 4007 Πηλουσίῃσι
1051 3916 1136 4005 ἄλλη
1165 3918 1252 4009 πρός

191 4015 366 4109 Ἀραβίων
389 4047 443 4110 pro
465 4027 691 4114 Πηλουσίῃσι,
714 4021 799 4110 ἄλλη
826 4023 861 4090 δὲ
883 4019 970 4109 πρὸς
992 4018 1065 4109 Ἀρ.
1088 4030 1119 4091 et
1140 4027 1183 4103 V,
1212 4028 1253 4092 50
