2580 4530
540 247 657 305 nu:1n
1029 252 1088 315 291

168 447 224 523 Ν,
249 447 345 513 1562:

128 548 207 626 ,Ως
228 549 335 665 ηὔδα
357 547 519 638 προφριόν
542 545 571 618 δ
593 547 802 643 ιῖπερέσχεθε
825 553 953 644 βώλακι
975 571 1086 648 χεῖρας

133 657 318 746 Ενφημος

69 765 129 846 Qui
156 766 283 849 glebam
310 758 484 849 porrectam
514 768 693 849 accepturus
721 771 783 844 991,
812 788 920 835 manns
947 773 1045 857 glebae
1072 794 1133 841 non

69 865 241 959 οπερέχει,
264 865 362 937 sed‘
340 864 470 974 απέχει
520 870 720 939 scribendum
741 874 837 958 igitur
859 870 1105 964 δποὲσχεθε.

170 979 226 1058 Ν,
251 978 347 1043 1746:

119 1087 176 1173 Τῷ
201 1078 274 1152 δ’”
252 1109 294 1169 αρ
327 1090 383 1150 ε’πι
404 1106 554 1168 μνηστιν
576 1083 694 1169 κραδίη
713 1082 781 1169 poll
785 1111 822 1151 εν
845 1095 880 1152 ε”κ
908 1081 936 1152 τ’
964 1065 1135 1174 σ’νόμήνεν

113 1191 298 1280 Αιοονιδή.

70 1300 129 1366 Cor
152 1318 216 1364 non
237 1297 421 1363 memoriam
443 1296 568 1362 subiicit
554 1297 649 1361 talii
678 1316 734 1363 nec
767 1300 989 1387 ἐξονομαίνει.
1039 1304 1135 1370 Poeta

69 1407 218 1493 posuerat
239 1403 305 1469 de
296 1421 364 1486 rpso
387 1402 562 1486 Euphcmo:

139 1505 266 1578 Τιιῖν”
244 1502 297 1592 αρ’
319 1514 388 1574 ἐπι
397 1509 546 1594 μνῆστιν
569 1509 717 1597 κραδίη
737 1505 944 1595 βέλενὲ1ιτ’
964 1507 1136 1602 σ’νόμήνεν

110 1615 295 1704 Αἰσονίδῃ
334 1617 432 1699 (Τῶν
453 1615 642 1765 Morkclius)

173 1934 402 2002 Callimachum
429 1951 499 1996 cum
525 1932 677 2015 legerem,
706 1915 800 1998 incidi
822 1934 973 2001 (1999919
996 1940 1136 2022 quaedam

70 2043 146 2108 olim
169 2041 209 2106 ab
230 2040 330 2106 aliis
321 2059 385 2104 nam
403 2030 576 2123 proposita:
606 2056 690 2104 novae
714 2042 745 2106 91
765 2041 894 2123 propriae
916 2018 1137 2112 emendationis

70 2148 258 2232 perexiguus
279 2147 446 2229 proventus
467 2145 557 2211 unt·
548 2165 581 2209 ιιι
602 2164 662 2210 999
685 2145 828 2230 hymno
819 2166 851 2212 rn
863 2149 995 2218 Delum.

175 2253 213 2318 V.
238 2248 306 2314 114
329 2271 411 2336 sqq„
448 2252 501 2317 ubi
528 2252 647 2317 Latona
676 2252 812 2318 Peneum
845 2272 968 2320 omnem
1001 2259 1139 2325 celeriter

71 2360 247 2444 fugientem
269 2358 443 2483 alloquitur,
465 2357 510 2422 sic
531 2358 688 2423 scribitur:

211 2454 233 2548 ή
257 2489 296 2549 ρα
320 2488 370 2529 τοι
395 2452 451 2530 ωδ
472 2466 537 2530 αἰεὶ
561 2466 691 2551 ταχινοὶ
714 2459 836 2546 πέδαις
860 2461 965 2553 ήιίτέ
990 2475 1082 2552 ἐμεῖο

211 2596 344 2655 μοιινον
367 2571 485 2656 ἐλαφρι
487 2576 591 2651 ζουσι,
614 2597 801 2657 πεποιησαι
825 2575 860 2640 δὲ
885 2578 1050 2673 πέτεσθαι

214 2672 365 2764 σήμερον
387 2679 563 2763 oracleum
627 2712 629 2717 ·
656 2712 659 2717 ·

74 2785 211 2850 Mne
178 2789 211 2850 9
231 2786 372 2851 universe
393 2785 468 2850 dicit
468 2806 504 2850 ur
525 2785 635 2850 fluvius
658 2787 873 2869 πεποιῆσθαι
897 2780 1065 2852 πέτεσθαι
1087 2806 1141 2870 pro

75 2884 267 2975 πεφυκέναι
301 2892 332 2954 91
368 2891 468 2975 magis
506 2891 582 2956 mire
615 2892 673 2956 hoc
705 2892 887 2957 transfertur
919 2893 958 2956 ad
989 2893 1139 2976 impetum

75 2998 179 3062 subito
202 2998 338 3078 captum.
385 2995 456 3062 Sine
479 2997 570 3063 dubio
593 2997 799 3062 Callimachus
821 2997 1006 3078 scripserat:

144 3104 280 3188 μοῦνον
304 3104 549 3187 ἐλαφρίζοασιν,
574 3103 794 3188 ἐπτοίησαι
819 3101 853 3167 δὲ
875 3097 1045 3168 πέτεσθαι

145 3203 298 3295 σήμερον
321 3210 499 3296 ἑξαπένηςς

177 3316 246 3382 Ibd.
268 3318 345 3380 154:

378 3429 417 3488 αἳ
437 3415 466 3488 δ’
489 3419 529 3488 οὔ
550 3446 612 3506 μιν
635 3413 866 3507 ἐπερχομένην
888 3411 1053 3505 ἐδέχοντο,

163 3524 206 3595 ον’
229 3524 375 3613 λιπαρόν
397 3521 537 3615 νήεσσιν
559 3521 735 3614 Ἐχινάδες
757 3523 867 3612 ὅρμον
888 3532 1033 3613 ἔχουσαι,

163 3628 238 3702 οὐδ’
259 3631 336 3719 ήτις
359 3630 516 3721 Κέρκυρα
541 3627 802 3720 φιλοξεινωτιέτη
824 3630 946 3700 ἄλλων.

81 3744 181 3811 Statio
212 3750 244 3811 et
271 3746 378 3830 portus
407 3741 561 3826 quomodo
590 3742 630 3806 ad
657 3740 917 3825 opportunitatem
940 3736 1143 3803 commodiu-

80 3853 205 3934 temque
235 3851 471 3936 significandam
502 3843 646 3935 λιπαρός
673 3843 813 3932 νήεσσιν
844 3842 905 3910 diui
932 3844 1046 3928 possit,
1082 3861 1143 3906 non

82 3957 244 4042 intellego:
281 3959 348 4022 tota
383 3957 464 4022 onim
491 3955 575 4021 illius
604 3953 747 4020 adiectiri
777 3953 822 4017 vis
851 3951 923 4016 hinc
950 3951 1051 4016 aliena
1080 3950 1144 4023 est:

903 4057 948 4110 is·
1030 4051 1041 4075 ⁶

1268 4038 1274 4095 1
