2580 4530
594 302 698 360 nur.
756 388 759 393 Ι
1077 304 1138 368 ree
1182 352 1186 359 .

120 501 193 585 apud
223 506 342 568 eeteros
375 500 501 569 aeeiue
554 500 637 567 Nam
660 502 744 587 apud
766 502 894 591 Xynium
927 506 958 570 in
1000 508 1076 571 erat.
1101 506 1181 571 XIII

117 610 311 693 ἐπιτρέψειν
338 607 389 675 bie
420 604 456 673 in
487 612 665 693 ἐπιτρέψαι
699 602 816 677 miliari
845 610 961 697 potuit,
990 617 1079 695 terte
1104 613 1178 690 (21),

116 710 330 801 προήσεσθαι
360 714 439 795 (23),
465 718 794 783 συνεκπλισισσῐσθαι
830 714 897 801 (25)
924 736 984 783 non
1005 719 1180 801 potuerunt,

114 822 194 886 etin
215 821 281 887 XII
303 812 495 906 κτήσεσθαι
517 822 582 901 (19)
609 822 643 889 et
667 816 955 913 -σῖιισλσγήσσσθαι
979 825 1044 902 (62)
1066 823 1180 888 muteri

112 932 277 1011 potueruut
287 934 433 1012 (querum
448 928 579 995 alterum
593 927 676 1015 apud
690 924 921 1013 reveteretur
938 928 1136 994 Merkluudns
1149 932 1181 995 et

112 1033 245 1099 editores
268 1034 453 1099 Turieenses
481 1036 687 1112 euuexeruut,
714 1036 847 1103 alterum
876 1035 958 1120 apud
979 1031 1085 1121 ᾤοντο
1107 1034 1180 1098 reli·

112 1142 263 1223 querunt,
296 1140 574 1206 Raueheusteiuius
608 1156 659 1206 me
696 1143 790 1207 etiam
817 1143 974 1208 defensore
1008 1141 1179 1225 advocate),

111 1249 213 1312 uetera
245 1250 323 1329 poet
358 1245 581 1310 eiusdemmodi
619 1247 711 1312 verba
749 1248 852 1313 future
885 1249 993 1327 (etium
1027 1249 1059 1311 iu
1092 1252 1178 1327 σειν)
1283 1258 1286 1263 “

110 1352 231 1418 intaeta
256 1352 447 1426 manserunt,
470 1371 536 1435 qnae
559 1354 965 1436 numerareeupersed001).
1009 1354 1077 1419 Ium
1099 1354 1181 1438 aput

110 1461 219 1541 poetae
251 1458 347 1542 (qued
379 1458 511 1522 alterum
542 1461 590 1524 est
625 1459 867 1524 confirmationis
885 1466 1016 1545 'genusl
1041 1480 1117 1543 quae,
1152 1460 1180 1525 ei

110 1567 194 1630 recte
217 1582 390 1646 temperes,
413 1581 565 1646 perpaneu
575 1565 768 1647 reperiuntur
789 1566 894 1630 aurtsti
908 1564 1009 1631 vitiosi
1031 1567 1180 1650 exemplu,

110 1690 144 1735 eu
167 1688 293 1754 quoqne
314 1670 438 1734 tuntum
461 1689 521 1735 neu
543 1672 646 1735 emnia
667 1671 886 1736 eiusdemmodi
912 1674 1000 1751 eunt,
1026 1672 1129 1756 posita
1148 1672 1181 1735 in

110 1776 210 1842 rueali
232 1803 267 1853 α,
290 1795 359 1859 quae
380 1777 447 1840 eine
469 1795 576 1841 versus
607 1777 791 1841 detrimento
820 1777 965 1841 substitui
986 1778 1120 1861 peterat3
1147 1778 1180 1841 in

110 1883 222 1965 quibus
244 1880 354 1947 formis
376 1881 433 1945 bue
452 1881 519 1946 fieri
547 1901 607 1946 nen
628 1883 765 1965 poterat,
791 1901 853 1947 nen
875 1882 1034 1947 aberratur
1059 1884 1178 1967 alege.

110 1988 207 2052 Velut
245 1986 331 2070 apud
363 1988 549 2065 Homerum,
587 1989 756 2073 segregatis
787 1989 862 2053 loeis
900 1988 1097 2071 quibusdam,
1129 1986 1181 2071 qui

110 2095 199 2180 gravi
219 2094 447 2176 interpretandi
479 2112 579 2161 errore
600 2096 661 2161 hue
693 2113 712 2159 a
746 2095 901 2160 nonnullis
922 2094 1016 2160 treeti
1042 2095 1114 2158 sunt
1134 2095 1181 2172 (ut

110 2200 223 2285 odyss.
246 2200 290 2279 Il,
316 2201 373 2261 171
398 2202 430 2265 et
450 2200 503 2278 IV,
524 2201 594 2279 504,
619 2221 695 2285 ques
717 2220 823 2266 versus
844 2203 914 2283 pest
935 2201 1011 2265 ebes
1026 2198 1180 2263 Ameisiue

106 2310 188 2372 reete
212 2307 347 2383 enarrat,
369 2304 459 2371 Iliad.
482 2306 539 2384 Ill,
561 2306 612 2384 98,
633 2308 686 2371 ubi
708 2327 726 2372 u
748 2308 886 2390 pluribus
907 2306 1100 2371 intellectum
1121 2305 1178 2380 est,

106 2413 286 2478 Menelaum
309 2430 368 2476 nen
389 2411 562 2493 predicere,
586 2416 762 2496 separatum
777 2413 816 2477 iri
832 2414 963 2478 Aebaeos
980 2413 1010 2476 et
1021 2410 1179 2488 Troianos,

106 2519 159 2583 sed
180 2520 290 2583 iubere
314 2518 345 2581 et
366 2536 505 2595 censere,
532 2520 563 2584 iu
591 2540 650 2602 que
676 2521 829 2584 sententia
861 2518 1033 2584 reetirsime
1067 2517 1179 2581 dieitur

108 2628 239 2709 uuuvr'w
271 2619 615 2708 baaenettbejneenst))‚
640 2618 853 2708 relinquuntur
887 2626 1050 2690 σι’σιισθιιι
1079 2623 1179 2701 (Iliad.

107 2733 163 2803 III,
189 2732 244 2807 28,
268 2730 320 2794 ubi
342 2732 438 2795 eedex
456 2731 590 2797 Venetus
605 2735 763 2797 τίσεσθαι
779 2733 881 2810 babet,
904 2735 937 2796 et
951 2733 1022 2810 366,
1039 2732 1095 2796 Od.
1111 2730 1178 2805 XX,

111 2840 195 2920 121),
221 2829 429 2903 παύσασθαι
451 2839 520 2915 (Od.
540 2839 580 2915 ll,
606 2838 750 2915 munbi
775 2839 882 2903 tamen
903 2820 1058 2903 Beklrerus
1088 2831 1180 2903 ιιαύ-

136 3164 158 3229 ι)
179 3162 283 3217 Omnia
300 3159 393 3214 eudem
411 3157 535 3226 reperiet,
554 3156 601 3224 qui
619 3156 731 3210 Diodori
745 3155 829 3211 Siculi
844 3158 916 3211 locos
935 3158 999 3211 libri
1017 3155 1082 3208 XIV
1100 3168 1181 3221 supra

179 3255 286 3324 pesitus
313 3251 468 3320 iuspererit.
517 3249 618 3302 Praeter
640 3265 672 3302 ee
699 3249 799 3313 future,
827 3268 886 3319 quae
915 3272 933 3305 α
959 3253 1018 3304 etr
1046 3246 1179 3315 separant,

179 3362 269 3400 unum
287 3346 373 3398 rarius
394 3341 550 3412 ἐπισχήσειν
569 3343 679 3395 transiit
697 3343 726 3396 iu
744 3343 873 3398 norietum
893 3343 1061 3397 nettetiorem
1075 3346 1180 3407 (quem-

180 3437 328 3493 admodum
355 3436 383 3489 in
413 3436 492 3489 Isoer.
511 3434 627 3490 Penath.
649 3439 700 3491 107
719 3438 785 3490 elim
813 3436 942 3491 edebatur
960 3430 1078 3504 ἤλπισαν
1096 3448 1180 3483 σασα-

182 3538 268 3599 exele.
287 3546 358 3583 nune
376 3545 407 3582 ex
425 3527 490 3583 Urb.
508 3530 579 3581 reete
598 3530 799 3599 κατασχήσειν).
838 3526 918 3597 Apud
936 3524 1087 3593 Polybium,
1114 3522 1179 3576 Dio-

181 3625 294 3693 nysium
319 3621 470 3684 Halieum,
498 3621 687 3685 Plutarchum,
718 3622 879 3686 Lucienum,
898 3622 996 3673 eeteros
1014 3632 1080 3677 rara,
1110 3610 1181 3683 apud

182 3734 269 3770 unum
288 3718 317 3767 et
334 3715 450 3768 alterum
468 3713 547 3781 paulo
566 3715 644 3781 plura
656 3714 752 3768 menda
772 3713 889 3767 eiusdem
908 3709 1013 3780 generis
1031 3710 1102 3771 eunt,
1121 3723 1179 3775 quae

180 3808 257 3863 nihil
274 3806 491 3860 animadvertens
509 3807 538 3858 in
556 3822 639 3860 unum
651 3823 774 3861 acervum
792 3805 940 3859 Lobeelrius
953 3803 987 3857 ad
1000 3801 1181 3871 Phryniebum

182 3920 209 3972 p.
231 3903 287 3956 749
307 3914 365 3968 sqq.
384 3899 526 3966 eougessit.

140 3994 163 4051 't
182 3998 285 4065 φρονῶ
304 3991 551 4058 διακρινθήμεναι,
570 4007 688 4045 censeo
707 3988 872 4058 separari3
896 4005 1008 4057 gramm.
1028 3988 1085 4043 Lat.
1105 3988 1181 4051 §396

180 4107 208 4143 n.
227 4090 258 4153 4,
279 4084 486 4151 Bemerlrungen
505 4101 531 4152 p.
551 4087 629 4141 7811.
