2580 4530
536 264 597 320 Lib.
617 264 669 319 111.
1029 263 1090 327 335

78 462 227 527 sententiae
251 465 346 544 (ἐπεί
447 462 697 547 διαπολεμῆσαι
720 457 765 555 do
787 465 977 548 ἐπιφανείς)
1008 464 1132 532 auditur

75 572 187 646 tantum
210 569 311 645 δοκεῖ,
335 590 395 636 non
419 572 629 658 σαφέστατον
652 568 750 634 εἶναι.
794 656 799 661 ,

162 675 232 740 Ibd.
255 675 307 755 89,
330 678 379 752 3,“
392 677 490 744 eiecto
514 685 683 761 ἔπεμπον,
713 675 795 759 qnod
816 677 983 742 orationem
1005 679 1037 741 et
1058 695 1129 742 sen-

69 782 196 847 tentiam
210 783 321 847 turbat
335 783 476 866 quodque
490 784 555 848 tres
571 781 688 863 codices
701 782 847 847 omittunt
868 801 923 846 nec
945 783 1128 849 scholiastes

66 887 187 967 habuit,
215 887 562 973 evestigiis'codicum
584 883 709 967 (οὗτοι,
731 883 836 974 οὕτω,
866 907 924 953 non
953 882 995 953 ου’
1017 883 1069 968 cd)
1098 892 1130 955 et

65 994 251 1060 scholiorum
285 997 434 1081 (ἔλεγον,
469 991 521 1060 ὅτι
545 984 614 1061 ὀὐκ
643 988 903 1068 α’παλλακτιιιώς
930 1002 1040 1079 ι’·’χοαοι
1068 996 1129 1079 τῆς

65 1095 277 1189 ὀλιγαρχίας,
302 1100 357 1166 ubi
377 1099 545 1184 significari
573 1097 815 1178 α’παλλαξείειν
836 1120 890 1184 pro
910 1121 1003 1184 pravo
1025 1102 1127 1168 liltore

64 1202 280 1284 ιίπαλλοίξειν
300 1207 488 1272 Abreschins
509 1209 673 1282 intellexit)
695 1207 888 1273 scribendum
913 1207 974 1273 est:
998 1200 1128 1293 φοβού-

63 1340 161 1400 μενοι
187 1315 241 1389 dt,
263 1307 307 1386 cie
330 1320 471 1398 ἔφασαν,
494 1309 533 1380 τό
556 1308 585 1379 τ’
609 1321 645 1379 ἐν
666 1315 709 1404 τῇ
727 1309 830 1400 Σάμῳ
854 1308 1046 1399 στράτευμα
1071 1317 1126 1380 καὶ

62 1417 121 1488 ιόν
142 1413 377 1506 Ἀλκιβιάδην
399 1421 533 1509 σπονδῇ
562 1414 656 1488 ποίνο
684 1413 833 1501 andrae
863 1425 896 1494 ἐς
923 1417 988 1506 τήν
1010 1422 1128 1488 Λακα-

63 1530 212 1614 talpona
247 1531 574 1615 epeopaoopaeovgf
597 1522 647 1614 μή
680 1555 712 1594 τι
744 1524 827 1593 ἄνευ
854 1529 923 1592 τών
959 1523 1127 1596 πλειόνων

62 1631 168 1703 κακόν
215 1627 361 1720 δράσωσι
403 1630 469 1719 τήν
505 1631 629 1712 πόλιν,
672 1632 784 1702 οὔπω
820 1627 1127 1711 α’παλλαξείιιν

61 1739 205 1828 ἠξίουν
228 1742 292 1808 τοῦ
312 1737 403 1829 ἄγαν
423 1737 458 1815 ἐς
480 1735 616 1830 ὀλίγους
639 1736 770 1816 ἐλθεῖν,
793 1734 878 1806 α’λλοί
902 1736 983 1814 code
998 1767 1124 1808 ποντα·

62 1850 244 1937 ιιοχιλίοιις
272 1856 355 1935 ἔργῳ
384 1847 519 1934 uatem)
554 1844 708 1934 ὀνόματι·
734 1849 850 1934 χρῆναι
879 1841 1123 1916 α’ποιλοικνύναι

61 1960 111 2023 καί
149 1951 220 2040 τήν
258 1957 438 2023 πολιτείαν
471 1960 643 2041 ίοαιπίραν
677 1949 897 2021 καθιστάναι.
968 1955 1126 2021 Excidisse

60 2064 189 2129 verbnm
210 2060 414 2128 manifestum
436 2067 493 2138 est,
515 2063 692 2129 nec‘ullum
709 2063 810 2145 aptius
826 2064 875 2128 est
891 2081 984 2146 qnam
1006 2055 1124 2146 ἠξίουν

60 2170 211 2253 facileque
233 2167 266 2233 id
287 2171 359 2251 post
379 2169 501 2235 litteras
523 2175 647 2246 αξειαν
671 2170 923 2258 omitti-poterat.
967 2169 1125 2234 Sententia

60 2280 163 2360 aperta
186 2276 246 2341 est.
290 2276 497 2341 Theramenes
521 2277 654 2359 sociique
670 2276 734 2342 eius
752 2276 888 2341 nondum
909 2277 1013 2358 aperte
1035 2277 1123 2342 abro-

59 2383 218 2466 gationem
234 2381 409 2466 oligarchiae
427 2402 489 2464 pree
504 2401 537 2447 se
554 2383 703 2459 ferebant,
727 2382 782 2447 sed
805 2382 918 2466 expleri
939 2384 1122 2464 promissam
1201 2390 1203 2395 '

58 2489 232 2572 eligarchiae
253 2489 385 2553 formam
407 2488 614 2571 postulabant.

511 2834 593 2916 Cap.
621 2836 666 2899 ll.

515 2990 672 3058 Xenophon.

151 3122 367 3208 Thucydidem
400 3128 491 3190 aetate
526 3129 681 3208 proximus
713 3124 910 3207 subsequitur
936 3123 1117 3205 Xenophon,

58 3230 137 3295 cuins
173 3228 316 3294 historia
338 3229 450 3297 (traca
479 3235 622 3315 qnoniam
641 3233 811 3318 Thucydidi
848 3231 1028 3314 argumento
1050 3230 1117 3311 ipso

57 3335 251 3421 adiungitur,
285 3338 326 3400 ab
356 3355 391 3401 ea
423 3337 579 3423 incipiam.
644 3340 687 3405 Ut
719 3341 824 3404 antem
857 3336 993 3403 omnium
1014 3335 1117 3398 Xeno·

56 3442 176 3521 phontis
210 3461 339 3526 opernm
379 3440 498 3508 cedices
535 3445 599 3507 fere
632 3445 706 3509 satis
743 3445 882 3510 recentes
914 3443 986 3507 sunt
1022 3442 1053 3504 et
1084 3441 1115 3503 in

57 3547 242 3620 orationiset
252 3548 475 3615 sententiarum
484 3550 584 3614 forma
604 3551 694 3615 facile
716 3552 847 3616 currenti
869 3552 974 3615 tamen
996 3548 1116 3612 mendis

56 3655 177 3719 nonita
204 3672 274 3718 raro
303 3655 539 3738 interpolatione
560 3658 654 3722 tectis
681 3656 861 3739 depravati*
887 3655 976 3722 valde
999 3655 1116 3737 antiqui

56 3764 83 3821 et
104 3746 287 3844 integritate
310 3762 551 3845 auctoritateque
572 3764 754 3845 praestantes
784 3763 878 3839 nulli,
911 3757 970 3826 etsi
992 3762 1024 3825 in
1046 3762 1115 3826 aliis

55 3867 192 3947 operibns
217 3885 298 3931 nnus
320 3869 353 3931 et
372 3868 451 3932 alter
473 3869 574 3933 minus
596 3869 777 3934 mendorum
793 3869 870 3933 etin
885 3869 1005 3933 mendis
1027 3869 1115 3951 plura

54 3973 181 4058 uestigia
197 3972 263 4038 veri
276 3972 378 4047 habet,
402 3974 446 4038 sic
459 3974 548 4039 huius
562 3975 661 4057 operis
675 3975 768 4039 etiam
784 3976 939 4058 aliquanto
955 3975 1114 4040 inferiores

54 4097 138 4159 qnam
176 4079 366 4161 reliquorum
401 4099 467 4144 esse
500 4080 658 4160 videntur,
693 4082 810 4147 lacunis
838 4101 956 4165 quoqne
985 4081 1113 4148 subinde
