2580 4530
560 218 690 314 mrsu¹
1040 261 1102 326 213

175 457 264 522 Nulli
284 457 432 541 profecto,
459 459 511 541 qui
537 458 574 522 de
602 459 705 542 OEdipi
735 460 856 526 filiabus
885 461 1030 528 ducendis
1064 463 1142 528 deli-

78 564 238 628 beraturus
261 565 337 641 eret
358 565 391 628 in
413 565 549 628 mentem
569 565 672 629 venire
692 567 813 648 poteret
834 587 976 649 quaerere,
1000 571 1142 635 essentne

79 689 120 734 eae
140 669 246 752 (lidipi
266 670 446 753 perentibus
467 670 610 753 perniciei
630 669 751 750 futures,
772 691 829 737 neo
849 673 963 755 ipsene
986 675 1061 752 sibi,
1087 675 1141 740 sed

77 774 135 840 sibi
157 775 317 856 (ducturo)
349 775 472 859 suisque
496 794 535 839 ue
557 777 721 858 perniciem
737 779 861 856 ferrent}
882 780 1004 861 poteret
1017 781 1140 852 timere:

77 880 168 945 etde
200 879 265 953 illo,
294 883 344 946 oui
376 900 429 946 ess
455 881 566 946 ducere
592 882 625 946 in
657 887 794 972 mentem
820 884 952 950 fortasse
978 887 1140 951 venturum

76 987 126 1064 sit,
149 985 280 1070 eiusque
301 987 422 1082 familie
442 989 508 1052 hsec
529 988 589 1053 diei
610 991 660 1054 vel
681 990 779 1054 solum
793 988 931 1054 futurum
947 998 1037 1056 ἔσται
1053 1010 1142 1057 mon-

77 1094 164 1158 stret
203 1092 377 1174 scripserat
394 1092 574 1176 Sophocles:
603 1091 626 1160 dr*
647 1109 718 1168 τοῖς
740 1102 823 1168 ἑοῖς
842 1097 846 1174 Ι
865 1097 1024 1182 γονεῦσιν
1049 1106 1140 1169 ,tirum

77 1199 174 1284 οφλν
196 1191 235 1263 θ’
257 1191 349 1280 ὁμοῦ
377 1190 566 1282 δηλήματα,
599 1202 682 1266 suis
709 1203 942 1284 perentibus
975 1203 1140 1286 sibique

76 1325 148 1370 nam
164 1304 247 1390 οφίν
263 1323 319 1387 pro
341 1300 377 1368 οἷ
400 1305 511 1386 posuit,
533 1308 569 1370 ut
588 1308 654 1388 ipse
667 1306 816 1373 ended.
835 1308 917 1370 1490
938 1308 1142 1392 etAEsolrylue

76 1412 297 1494 Pindumsque.
345 1411 531 1485 (Dindorfius
545 1432 600 1496 pro
615 1419 709 1496 ἐμοῖς
725 1413 855 1478 coniecit
877 1407 991 1493 παλαι,
1014 1415 1066 1498 qui
1080 1416 1143 1481 sint

76 1523 107 1583 οἱ
133 1511 243 1583 πολλοι
273 1530 401 1604 γονεῖς,
433 1518 482 1582 vix
520 1518 728 1584 declaraturus
761 1522 845 1601 epte;
878 1520 1036 1586 Nauckius
1070 1535 1142 1606 τοῖς

76 1630 173 1708 ἐμοῖς
199 1626 360 1711 γονεῦσιν
381 1626 604 1706 corrupteesse
625 1624 746 1703 scribit3
769 1629 862 1712 oppio
884 1618 992 1692 neuter
1011 1628 1140 1711 attigit.)

176 1732 244 1796 Ibd.
270 1732 351 1794 1524
373 1749 455 1813 sqq.:
561 1782 565 1792 .

113 1829 169 1907 Ὠ
192 1830 325 1921 πάτρας
350 1831 471 1920 Θήβης
493 1841 628 1912 ἔνοικοι,
651 1831 807 1913 λεύσσετ’,
834 1839 1004 1909 Οἰδίπους
1025 1833 1095 1911 ὅδε,

117 1939 155 2016 ὃς
175 1938 218 2010 τοὶ
242 1937 344 2009 κλείν’
366 1936 538 2028 αἰνίγματ’
561 1938 633 2028 ᾔδει
657 1945 710 2008 καὶ
735 1938 909 2028 κράτιστος
931 1935 975 2027 ἦν
997 1938 1098 2028 deme,

117 2045 212 2122 ὅστις
233 2043 276 2116 οὐ
296 2044 384 2134 ζήλῳ
410 2050 560 2114 πολιτῶν
582 2049 637 2114 καλ
658 2042 774 2135 τύχαις
800 2051 1005 2134 ἐπιβλέπων,

118 2161 168 2229 εἰς
189 2153 273 2222 ὅσον
296 2152 448 2222 κλύδωνα
472 2155 586 2238 κλεινῆς
608 2155 786 2238 συμφορᾶς
808 2149 989 2240 ἐλήλυθεν.

178 2266 214 2328 ln
237 2284 265 2328 v.
290 2264 380 2337 1526,
403 2282 492 2344 quern
514 2262 610 2326 telem
631 2263 727 2344 posui,
750 2262 848 2344 qualis
869 2263 901 2326 in
923 2264 988 2329 cod.
1001 2261 1140 2326 Mediceo

77 2371 211 2451 scriptus
241 2372 299 2445 e'st,
330 2387 397 2450 quse
432 2369 585 2432 sententia
613 2368 729 2444 subsit,
761 2367 886 2434 dubium
926 2388 994 2436 esse
1024 2369 1140 2451 nequit,

76 2475 272 2540 insidendam
301 2475 400 2538 visam
428 2492 494 2538 esse
522 2474 638 2538 civibus
671 2474 812 2539 omuibus
841 2476 943 2558 (lldipi
970 2476 1140 2549 fortunem;

77 2583 132 2646 sed
154 2582 308 2664 queritur,
332 2600 399 2662 quse
415 2581 479 2644 eius
495 2579 655 2644 sententies
677 2578 769 2644 fuerit
783 2581 891 2646 forma.
932 2583 979 2666 Ἐο
993 2574 1140 2646 facillime

77 2689 178 2771 prodit
200 2706 218 2751 e
240 2687 355 2752 codicis
377 2687 524 2770 vestigiis,
547 2705 613 2768 quae
635 2685 809 2760 ostendunt,
832 2689 968 2752 omniurn
994 2687 1141 2751 iudicium

77 2793 290 2875 interrogando
319 2794 382 2864 (οῖς
410 2787 463 2870 οὐ)
494 2810 669 2873 expressum
697 2791 791 2856 trisse
818 2795 850 2857 et
875 2794 1004 2859 relativo
1031 2809 1141 2874 prono-

78 2901 161 2963 mine
195 2917 347 2962 anuerum
385 2895 439 2977 (ὃν
473 2899 525 2968 τίς
557 2890 608 2974 ου’,
645 2916 680 2960 er
714 2916 772 2979 quo
806 2902 913 2964 netum
954 2897 1045 2971 ὅστις
1079 2892 1139 2963 οὐ».

79 3004 210 3086 Scripsit
230 3003 325 3087 igitur
355 3004 533 3087 Sophocles:
567 2997 614 3066 ὂν
646 3002 706 3074 τίς
741 2996 788 3068 ori
822 2998 955 3088 ’ζήλου
991 3005 1140 3069 solereio

79 3130 169 3189 ταῖς
191 3107 307 3200 τύχαις
331 3112 540 3195 ἐπιβλέπων,Ι
573 3109 626 3173 cfr.
650 3107 718 3173 (ud.
743 3108 807 3174 dol.
837 3111 931 3172 1133:
955 3103 1090 3191 α’νδοός,
1116 3097 1140 3193 ᾦ

79 3224 130 3295 τίς
153 3217 215 3287 οὐκ
239 3230 288 3284 λ’νι
313 3218 406 3300 κηλὶς
429 3217 540 3280 κακῶν
562 3206 766 3292 ξύνοικοςςῑ)

105 3418 130 3483 ²)
149 3419 336 3474 certissimum
366 3419 434 3472 herro
470 3416 682 3470 emendationem
719 3416 809 3471 videor
842 3414 911 3471 mihi
944 3415 1008 3468 ente
1039 3412 1140 3466 multos

147 3529 232 3566 annos
260 3510 405 3581 prodidisse
428 3508 540 3571 alieubi,
569 3507 616 3562 sed
644 3509 703 3578 ipse
729 3509 816 3563 locum
833 3524 886 3562 non
909 3506 1021 3575 reperio.
1063 3503 1138 3558 Neu-

147 3603 225 3657 clrius
244 3602 354 3657 eundern
378 3602 539 3655 seutentiam
565 3584 653 3656 offecit
676 3601 773 3655 meiore
797 3599 946 3652 mutatione
970 3595 1139 3667 (ἐπέβλεπον)

148 3698 177 3748 et
204 3695 335 3764 impedito
363 3695 502 3748 verborum
530 3693 623 3748 ordine
650 3696 678 3747 et
696 3694 830 3747 structure
857 3707 909 3743 non
933 3691 1020 3754 reete3
1053 3703 1139 3755 neque

148 3788 221 3842 euim
231 3788 351 3842 Graeoum
370 3788 411 3840 est
430 3786 498 3859 ζήλῳ
518 3787 674 3859 ἐπιβλέπειν
692 3787 745 3839 τινί
764 3800 811 3852 pro
832 3781 881 3837 σὺν
900 3780 977 3853 ζήλῳ.
1018 3778 1135 3833 Dindor-

149 3879 202 3933 fins
225 3896 274 3949 pro
294 3876 369 3942 ὅστις
388 3879 421 3932 οὐ
440 3879 548 3947 scripsit
566 3883 621 3942 πᾶς
644 3875 689 3940 ὅν,
710 3890 771 3930 sane
782 3875 934 3928 litterarum
953 3871 1067 3938 vestigia
1086 3884 1139 3921 non

148 3972 287 4026 serviliter
305 3986 417 4039 sequens
435 3973 494 4036 (neo
512 3971 598 4041 magis
616 3972 685 4027 1494
703 3970 731 4022 in
749 3965 835 4023 πολλοι
852 3981 900 4035 pro
923 3965 998 4034 ἐμοῖς
1016 3964 1064 4016 eut
1081 3959 1138 4013 Au-

148 4064 250 4133 tigouae
269 4080 296 4116 v.
316 4065 333 4119 3
350 4064 379 4117 in
400 4062 524 4118 ἐλλεῖπον
541 4078 589 4132 pro
607 4058 730 4128 morose,
749 4059 795 4114 sed
812 4061 884 4113 recte
902 4057 1009 4125 ἐζήλου.
