2580 4530
207 241 266 304 132
400 234 402 239 ’
643 244 704 299 uro.
723 207 745 299 n

128 521 130 524 y
164 447 222 523 que
244 440 431 509 a‘ltomanis
458 442 572 506 multos
595 443 662 508 ‹lies
684 442 786 508 nicus.
840 441 1042 507 Manifestum
1071 443 1120 507 est
1147 442 1230 508 inter

164 545 324 610 Adrunum
351 549 382 613 ot
405 546 572 612 Macellam
599 548 727 613 tertium
757 548 862 631 oppidi
888 550 943 613 aut
970 547 1090 612 castelli
1115 549 1228 613 muniti

153 655 273 716 'nomeu
298 652 514 742 interpositum
546 653 656 731 fuisso
689 655 734 718 io
755 674 791 720 ox
818 679 861 719 νοι
890 656 921 718 et
949 646 1069 739 κώμην
1097 653 1228 718 efficitur

167 750 346 842 Νακόνην.
374 756 467 842 quam
489 759 602 824 Siciliae
632 753 737 827 πόλιν
750 780 777 826 a
798 760 931 825 Philisto
958 761 1228 836 'commemoratam

163 863 349 947 Stephanus·
361 865 550 949 Byzantinus
570 865 604 930 in
625 868 730 933 ordine
754 867 852 950 ponit.
892 866 1093 931 Scribondum
1119 865 1227 948 igitur:

163 965 346 1054 ’“Αιίρανύν,
370 972 414 1037 N
416 963 579 1056 ακόνην
601 976 656 1039 καί
680 970 877 1040 Μάκελλον.

264 1075 527 1155 (Χλμλλίοσοεσω
557 1080 689 1162 excipiat
717 1078 842 1156 Sbabo,
874 1076 966 1142 aet'ute
1001 1093 1066 1141 uon
1092 1076 1226 1141 multum

163 1182 291 1259 lutens,
306 1181 396 1264 apud
417 1202 506 1265 quem
532 1193 567 1248 ut
587 1187 712 1266 propter
732 1184 906 1269 argumenti
938 1185 1080 1247 naturam
1107 1182 1228 1247 infinita

164 1290 212 1352 est
246 1286 404 1352 nominum
431 1290 621 1371 propriorum
649 1289 751 1373 copia,
788 1290 834 1355 ita
867 1289 961 1353 etiam
987 1288 1078 1352 huius
1106 1289 1227 1352 errandi

162 1393 282 1476 generis
305 1393 424 1459 οοοωο
449 1412 511 1459 non
531 1396 640 1480 exigua
660 1395 729 1459 fue.
773 1394 864 1477 apua
887 1378 958 1458 eun
980 1394 1008 1457 v
1027 1413 1057 1475 p.
1079 1394 1152 1473 ιω,
1166 1395 1227 1458 noi

163 1499 207 1564 de
224 1499 397 1582 Campaniae
410 1498 574 1566 ueteribus
595 1501 704 1566 incolis
726 1502 837 1586 agutur,
852 1500 925 1563 ¹haec
946 1499 1106 1583 leguntur:
1128 1497 1224 1565 ἄλλοι

164 1604 198 1667 os
219 1605 375 1690 λίγουσιν
399 1601 586 1672 οἰκούντων
600 1600 757 1673 Ὀπικῶν
779 1600 947 1690 πρότερον
971 1607 1025 1671 καί
1042 1599 1224 1673 Αὐσόνων·

162 1714 192 1775 οἰ
206 1695 235 1775 εἰ
247 1711 396 1785 ἐκείνους
408 1728 586 1798 κατασχεῖν
597 1709 752 1797 ύστερον,
758 1709 898 1779 Ὄσκαν
908 1737 940 1776 τι
954 1718 1070 1786 ἔθνος,
1082 1707 1227 1784 τούτους

162 1809 191 1882 δ’
210 1810 280 1882 ύπύ
303 1818 489 1902 Κυμαίων,
518 1821 668 1894 ἐκείνους
690 1821 720 1885 δ’·
747 1815 816 1886 ύπό
845 1817 1031 1902 Τυρρηνῶν
1058 1824 1224 1884 ἐκπεσεῖν.

142 1994 145 1999 ,
162 1924 299 2006 Apparet
320 1927 579 1991 constructionem
600 1929 632 1992 in
653 1927 716 1992 illis
739 1932 771 1993 οἱ
794 1919 823 1992 δ’
846 1926 996 1996 ἐκείνους
1016 1943 1139 2007 prorsus
1155 1927 1225 1990 tur-

16 2072 24 2079 -
143 2031 267 2098 ¹batam
303 2050 369 2096 esse
387 2069 392 2074 -
408 2037 501 2115 (quae
523 2036 607 2098 esset
638 2035 738 2110 recta,
777 2033 803 2097 si
835 2032 900 2096 haec
933 2028 1000 2096 sola
1034 2031 1224 2114 legerentur:

104 2212 107 2239 l
161 2129 347 2202 οἰκούντων
380 2130 536 2203 Ὀπικῶν
563 2133 732 2224 πρότερον
761 2140 817 2204 καί
846 2131 1014 2207 Αύσόνων
1044 2149 1224 2222 κατασχεῖν

155 2236 293 2306 Ὄσκαν
314 2268 345 2306 τι
370 2250 504 2321 ἔθνος),
537 2246 605 2309 tum
640 2245 764 2309 omnino
796 2264 856 2310 non
888 2243 1043 2327 intellegi,
1077 2242 1129 2325 qui
1161 2242 1224 2306 siut

160 2353 299 2424 ἐκεῖνοι,
339 2348 391 2430 qui
418 2347 521 2430 Opicis
551 2351 583 2413 et
610 2351 786 2415 Ausouibus
819 2349 1025 2416 successerint
1057 2348 1224 2431 ipsiquea

159 2451 304 2516 (inmanis
327 2446 415 2518 eiecti
437 2454 514 2528 sint;
536 2472 590 2539 eos
612 2475 631 2519 a
653 2455 804 2521 Strabone
825 2455 999 2521 necessario
1023 2452 1222 2535 suo'nomine

158 2557 326 2640 appellatos
347 2557 452 2636 finisse,
464 2559 594 2650 'adiecto
617 2562 808 2646 appositione
828 2562 883 2626 illo
897 2559 1036 2626 Ὄσκαν
1053 2585 1086 2623 τι
1102 2565 1218 2632 ἔθνος.

157 2663 194 2731 Id
219 2683 331 2729 nomeu
359 2664 435 2729 adeo
465 2666 572 2729 notum
609 2667 657 2730 est
687 2668 718 2730 et
746 2667 812 2732 tam
842 2667 1014 2732 manifestis
1046 2666 1220 2731 litterarum

157 2769 295 2852 vestigiis
316 2772 515 2849 monstratur,
537 2774 573 2834 ut
594 2770 708 2835 mirum
726 2771 770 2836 sit
784 2773 940 2837 nemiuem
956 2772 1087 2848 vidiss03
1111 2770 1220 2836 Strabo

41 2883 43 2887 ’
157 2877 238 2941 enim
260 2875 438 2956 scripserat:
458 2865 647 2942 οἰκούντων
665 2871 821 2943 Ὀπικῶν
844 2874 1013 2964 πρότερον
1036 2870 1221 2944 καίΑύοό·

158 3007 226 3048 νων
248 2981 488 3055 Σιιίικίνους
511 2997 689 3069 κατασχεῖν
710 2980 865 3070 ὕστερον,
888 2982 1027 3072 Ὀοκων
1048 3011 1080 3049 τι
1104 2991 1219 3056 ἔθνος,

156 3082 344 3162 octocenti
357 3089 468 3154 κτλ.
507 3087 616 3154 Strabo
638 3091 705 3172 ipse
728 3092 836 3157 eodem
857 3091 936 3158 libro
958 3111 988 3174 p.
1011 3091 1088 3153 237:
1113 3078 1218 3155 Οὗτοι

158 3197 192 3262 ‹lt
214 3199 261 3279 (οἰ
285 3195 462 3272 Σιιίικῖνοι)
479 3190 617 3268 Ὄσκοι,
645 3198 852 3279 Καμπανῶν
867 3205 986 3270 ’ἔθνος
1012 3193 1218 3268 ἐκλελοιπός.

157 3304 253 3385 (Iuvit
274 3320 417 3375 errorem,
441 3302 476 3364 ut
498 3325 528 3363 οι
551 3301 648 3378 fieret,
673 3303 761 3366 vetus
783 3303 894 3368 litterae
918 3307 950 3370 Σ
966 3305 1089 3381 forma.)

184 3423 187 3429 ·
239 3407 342 3489 ·(Xll)
370 3406 461 3487 Apud
493 3405 623 3469 eundem
646 3405 827 3471 Strabonem
858 3409 926 3474 libr.
949 3411 992 3474 Vl
1020 3429 1049 3490 p.
1072 3408 1144 3486 aet,
1167 3409 1219 3473 ubi

156 3504 315 3588 desiciliae
339 3531 393 3578 ora
413 3512 554 3577 orientali
576 3511 633 3576 sub
654 3511 810 3578 radicibus
821 3513 931 3578 AEtnae'
944 3515 1055 3600 agitur,
1080 3515 1112 3578 iu
1136 3513 1218 3579 codi-

154 3620 242 3686 cibus
265 3619 391 3701 optimis
412 3619 443 3683 et
469 3616 530 3681 fide
560 3602 661 3698 (lignis
693 3618 725 3680 et
750 3617 782 3680 in
804 3617 951 3683 Meiuckii
973 3620 1105 3685 editione
1134 3624 1218 3698 (cum

154 3706 355 3791 nota'meudi
369 3727 441 3790 ante
456 3708 699 3796 συνελθοῦσαι)
724 3721 769 3785 sic
791 3723 947 3788 scribitur:
972 3730 1008 3790 αἱ
1031 3726 1066 3790 δὲ
1086 3719 1216 3810 μεταξι

154 3825 319 3916 Κατάνης
342 3833 397 3896 καί
412 3827 659 3913 Συρακουσσῶν
680 3821 823 3907 (πόλεις)
846 3831 1075 3905 ἐκλελοίπασι,
1098 3824 1217 3907 Νύξος

155 3940 208 4002 καί
229 3940 382 4022 Μέγαρα,
407 3933 498 4003 ὅπου
522 3938 574 4000 καί
589 3931 633 3999 ἀι’
654 3933 722 3997 τῶν
748 3935 916 4018 ποταμῶν
939 3940 1075 4021 ἐκβολαὶ
1099 3941 1217 4004 συνελ-

153 4041 281 4111 bobone
315 4045 369 4109 καί
404 4038 519 4111 πάντα
556 4032 811 4123 καταρρεόντων
843 4045 879 4104 ἐκ
916 4041 978 4124 τῆς
1004 4046 1134 4130 Αἴτνης
1168 4049 1217 4115 εἰς
