2580 4530
187 323 204 346 .
217 271 279 336 374
637 268 698 331 lst-
716 273 769 330 us

177 471 303 537 difflato
324 471 368 538 sit
388 471 514 542 disemo
570 469 725 557 Iasp‘time
763 473 846 538 enim
877 464 1040 558 εὐμαθής
1081 494 1176 547 τινος
1205 473 1236 538 et

177 568 362 663 δυσμαθής
383 602 477 651 τινος
497 576 617 643 dieitur.

276 683 386 769 Ibtp.
401 684 460 747 149
481 684 510 749 D
531 684 564 748 in
585 682 727 750 eodionm
748 685 891 769 oonupta
909 684 1061 770 seriptum
1080 684 1155 769 (καῖ
1178 679 1236 751 loir

178 791 255 856 νέον
275 784 320 856 όν
340 782 433 879 δόξῃ)
460 789 581 858 videtur
606 791 717 856 latere:
751 791 806 856 καὶ
839 783 900 857 ἐόν
932 786 1111 876 ἄμεινον
1146 783 1234 879 δόξῃ.
1272 828 1278 840 =

180 895 319 981 (Syllaba
340 923 390 983 αμ
412 899 483 981 poet
504 922 547 963 αν
569 896 747 974 intercidit.)

278 1004 345 1070 Ibe.
369 1024 399 1088 p.
423 990 483 1067 155
505 1004 548 1067 B:
581 995 604 1085 ἢ
626 999 712 1068 όταν
734 1005 854 1088 φαῖμεν
875 1007 935 1089 ἐμὲ
955 999 1135 1088 τηλικόνδε
1155 999 1237 1071 όντα

177 1100 266 1193 μήτε
288 1105 483 1197 αὐξηθέντα
508 1105 597 1194 μήτε
621 1102 827 1176 τοῦναντιόν
848 1103 1013 1177 παθόντα
1036 1116 1074 1176 ἐν
1095 1112 1237 1197 ἐνιαυτῷ

178 1217 241 1282 σοῦ
261 1217 325 1283 τοῦ
347 1223 425 1284 νέου
448 1216 512 1282 νῦν
532 1219 597 1299 μὲν
617 1219 723 1297 μείζω
745 1215 852 1292 εἶναι,
874 1214 1020 1301 ῦοτερον
1041 1218 1076 1285 δὲ
1098 1209 1237 1294 ἐλάττω,

179 1321 288 1405 μηδὲν
319 1325 382 1390 τοῦ
410 1322 496 1407 ἐμοῦ
525 1320 630 1409 όγιιου
658 1315 908 1405 ἀφαιρεθέντος
937 1316 1024 1390 <illd
1047 1324 1112 1390 σοῦ
1135 1318 1239 1409 αῦξη-

178 1429 314 1501 θέντος.
364 1428 452 1493 Nihil
473 1429 523 1494 est
544 1436 580 1493 έν
602 1431 759 1514 ἐνιαυτῷ,
783 1431 927 1513 quonium
949 1431 1068 1495 eertum
1089 1431 1238 1514 temporie

179 1535 313 1618 spatium
335 1532 376 1600 ad
395 1553 461 1599 rem
484 1553 543 1600 non
564 1535 700 1618 pertinet
720 1539 760 1614 et,
785 1537 814 1602 si
834 1536 1017 1621 pertineret,
1040 1535 1239 1603 scribendum

179 1642 276 1707 esset:
301 1647 337 1706 ἐν
353 1642 493 1726 ἐνιαυτῷ
511 1641 545 1706 δὲ
557 1645 625 1723 (pre
635 1637 780 1727 ὕστερον
792 1634 987 1719 δέ)’ἐλα’ττω.
1021 1640 1239 1708 scribendum:

177 1739 265 1830 μήτε
287 1741 492 1814 τοῦναντίον
518 1742 682 1814 παθόντα
712 1757 756 1816 ἐν
777 1750 963 1835 ἐμαυτῷ,
991 1749 1055 1814 σοῦ
1077 1749 1142 1814 τοῦ
1162 1751 1240 1814 νέου

180 1879 210 1918 ιι.
233 1879 262 1918 τ.
287 1857 316 1920 λ.
363 1855 460 1920 Paulo
481 1855 552 1936 post
573 1855 622 1931 (Ε)
656 1849 770 1920 αὐτῶν
801 1859 873 1940 post
905 1849 1238 1939 συνεξερευνῷσωμαι

179 1959 245 2026 inre
272 1980 332 2027 nou
361 1962 522 2026 ferendum
549 1961 727 2026 Hermanno
758 1964 859 2028 visum
887 1965 961 2040 esta
985 1961 1040 2027 sed
1071 1963 1237 2045 ζητοῦντα

180 2070 324 2150 ἐρευνᾶν
345 2068 548 2152 tautologiam
569 2068 765 2134 manifestam
782 2070 889 2134 habet.
927 2067 1071 2153 Suspicor
1091 2069 1238 2153 seriptum

174 2173 273 2240 fuisse
304 2168 635 2258 ουνεξερευνήσωμαι
669 2167 757 2253 ιίόν,
793 2175 999 2260 geminatione
1032 2179 1090 2252 (αυ
1121 2193 1166 2241 ex·
1194 2182 1239 2254 αι)

179 2283 279 2344 ortum
300 2274 423 2346 αῦτοῐν.

279 2386 345 2451 Ibd.
368 2405 399 2469 p.
416 2385 529 2448 151Βε
554 2381 591 2450 τό
615 2380 645 2452 θ’
666 2380 781 2454 otiose
804 2434 811 2450 .
836 2432 843 2447 .
870 2433 877 2448 .
903 2382 983 2453 οῦτε
1005 2413 1036 2452 τι
1060 2392 1239 2474 ξυγχωρεῖν

180 2489 258 2557 οῦτε
288 2517 350 2559 του
376 2485 447 2558 οὔτ’
477 2493 563 2576 ἐμοῦ
593 2489 673 2559 οῦτε
704 2486 782 2558 τόδε
813 2486 884 2558 οῦε’
911 2498 1019 2559 ἐκεῖνο
1049 2490 1128 2560 οῦτε
1157 2492 1238 2561 ἄλλο

180 2591 281 2664 οῦδὲν
302 2596 414 2685 ὄνομα
433 2595 452 2664 ό
471 2626 503 2663 τι
526 2595 571 2664 οἶν
594 2600 681 2688 ἱστῷ.
733 2599 838 2681 Neque
867 2600 1004 2683 genetivi
1025 2603 1111 2680 (του,
1142 2602 1239 2688 ἐμοῦ)

179 2705 276 2770 ullam
305 2705 420 2772 habent
452 2706 604 2772 rationem
631 2724 730 2789 neque
763 2705 870 2789 prima
898 2725 1033 2788 personae
1059 2726 1240 2788 pronomem

182 2829 273 2876 nemo
295 2812 377 2878 enim
404 2832 453 2877 res
484 2813 660 2895 appellabat
692 2814 751 2894 ἐμέ
782 2813 837 2877 aut
869 2805 972 2898 ἡμᾶς.
1027 2813 1240 2889 scribendum,

179 2918 291 2985 effoeta
312 2936 349 2984 ex
374 2920 460 3004 ἐμοῦ
481 2937 554 2984 voce
575 2919 761 2984 necessaria:
789 2913 867 2983 οῦεε
895 2913 1003 2984 τοῦτ’
1026 2918 1136 2984 εἶναι
1161 2916 1241 2984 οὔτε

181 3019 270 3090 τόδε.
315 3025 430 3090 Noouit
449 3018 491 3091 οῦ
514 3025 633 3108 syllaba
653 3027 719 3090 tam
740 3044 820 3107 saepe
842 3025 983 3108 repetita

280 3133 347 3198 lbd.
373 3155 403 3217 p.
418 3136 475 3197 162
497 3135 538 3197 E:
562 3120 587 3217 ῷ
608 3132 665 3217 (τῷ
688 3124 806 3210 εἰκότι)
829 3136 860 3196 εἰ
883 3135 995 3198 ἐθέλοι
1020 3125 1199 3215 Θεόδωρος
1219 3127 1241 3217 ἢ

181 3233 283 3311 ἄλλος
307 3265 357 3312 τις
379 3243 448 3306 τῷν
469 3240 672 3327 γεωμετρῶν
701 3235 873 3324 χρώμενος
893 3252 1119 3324 γεωμετρεῖν,
1150 3235 1242 3314 ἄξιος

182 3337 255 3410 eoe’
279 3342 354 3418 ἑνός
389 3341 501 3431 μόνου
533 3339 580 3410 ἄν
615 3348 678 3428 εἴη.
731 3344 845 3409 Mirum
875 3346 906 3409 in
929 3346 1078 3412 vilissimo
1100 3363 1137 3409 ae
1158 3345 1243 3410 nullo

181 3451 279 3532 pretio
301 3452 500 3537 significando
522 3448 561 3517 ἐν
582 3446 701 3535 μόνον.
741 3446 813 3514 Sina
831 3448 1143 3515 dubioseribendum:
1168 3444 1242 3517 οὐδ’

182 3551 258 3630 ever
277 3561 403 3643 μνοὺ,
432 3579 470 3623 ne
491 3559 582 3622 unius
603 3557 706 3640 eepilli
729 3554 862 3638 quidem,
887 3573 946 3618 non
967 3556 1064 3633 flocci,
1088 3558 1147 3623 etsi
1169 3558 1250 3645 alibi

181 3664 296 3746 μνοὺν
321 3666 365 3730 sie
385 3666 518 3748 positum
543 3682 624 3727 nuno
644 3682 704 3727 non
726 3660 853 3744 reperio.

281 3772 504 3855 Ibd.p.164A:
527 3774 587 3838 Δεῖ
600 3794 639 3855 γε
653 3771 782 3852 μέντοι,
801 3770 832 3830 εἰ
849 3757 1017 3849 σώσαιμεν
1030 3763 1092 3832 τόν
1107 3762 1242 3851 πρόσθε

185 3869 298 3962 λόγον.
344 3877 542 3943 Seribendum
566 3893 633 3941 esse
656 3867 843 3955 σώσομεν
871 3890 969 3953 neque
997 3871 1087 3936 aliter
1108 3893 1242 3957 unquam

183 3981 243 4045 dici
264 3983 296 4046 in
317 3983 541 4067 significatione
562 3982 637 4056 eius,
660 3979 745 4042 ouius
772 3976 978 4059 consequendi
1008 3995 1100 4042 eausa
1124 3979 1240 4064 aliquid

182 4089 387 4153 necessarium
415 4088 471 4161 sit,
504 4087 565 4152 diri
595 4087 626 4150 in
655 4084 760 4148 libelle
789 4082 1033 4147 observationum
1061 4080 1099 4145 do
1122 4083 1243 4165 syntaxi
