2580 4530
219 263 280 327 328
644 263 705 320 Lib.
723 264 776 320 111.

178 466 247 528 tnm
270 481 358 528 snam
379 464 517 547 ipsorum
537 463 716 529 libertatem
738 480 772 527 se
793 462 874 527 tueri
891 462 1025 527 voluisse
1037 462 1237 529 Athenienses

179 568 292 642 dicunt,
316 567 425 634 deinde
435 569 520 643 ,hinc
530 560 581 635 'ad
598 567 804 653 principatum
826 568 858 632 et
873 566 1040 651 imperium
1055 587 1237 653 progressos.

179 674 217 739 Id
233 658 408 756 'pronomen
429 675 532 741 neseio
556 675 623 759 quis
646 673 814 739 dormitans
836 674 989 740 obiectum
1011 675 1099 739 verbi
1120 658 1202 741 iecit.

278 781 346 846 lod.
370 782 419 859 91,
443 783 478 846 6:
515 782 570 847 καὶ
604 773 666 852 coir
698 780 762 845 του
785 781 941 864 Λασριόυ
961 779 1031 844 τών
1055 773 1242 868 σῖργυρείσν

178 880 358 971 μετάλλων
380 880 570 972 προσόδους
592 889 652 952 καὶ.
674 881 738 952 ὅσα
761 879 830 952 α’τιό
853 888 919 974 γῆς
941 888 995 952 καλ
1018 886 1242 972 δικαστηρίων

180 994 245 1061 νυν
260 986 483 1079 ὠφελοῦνται,
499 985 617 1065 ,εὐθυς
635 985 941 1077 α’ττοοτερήοονται.
983 994 1052 1058 Iam
1074 993 1129 1058 alii
1154 994 1243 1069 διιια-

180 1098 326 1184 στηριάυ
357 1098 546 1163 mentionem
583 1098 689 1163 munti
723 1101 795 1164 sunt
832 1119 997 1183 eorumque
1025 1117 1097 1163 cum
1116 1099 1245 1183 ‚argenti

180 1205 290 1270 fodinis
311 1206 343 1269 et
363 1204 446 1287 agris
468 1203 721 1270 coniunctionem.
770 1204 852 1270 Nam
866 1207 898 1271 in
912 1196 1121 1271 urbe-iudicia
1142 1204 1245 1270 omnia

181 1311 297 1377 maiora
317 1311 435 1376 fiebant
456 1329 513 1376 noc
546 1329 582 1376 ea
605 1310 762 1377 obsidione
786 1311 852 1377 fore
884 1315 921 1377 nt
952 1311 1061 1378 statim
1087 1310 1245 1376 intermit-

180 1418 334 1490 terentur,
361 1414 538 1484 Alcibiades
569 1416 675 1482 dicere.
699 1417 837 1500 potuisse
865 1419 994 1484 videtur.
1044 1418 1080 1482 In
1108 1419 1245 1482 montom

181 1522 283 1602 venit,
316 1521 527 1604 Thucydidem
556 1523 688 1590 ‘fortasse
722 1502 1055 1611 δεκατευτηρίσν
1084 1522 1262 1610 scripsisse

185 1647 280 1711 eoquo
305 1628 427 1693 nomine
453 1629 555 1693 omnia
580 1630 772 1714 significasse
796 1633 877 1705 loca,
909 1616 965 1696 ubi
991 1629 1108 1713 aliquid
1133 1629 1246 1713 publici

182 1735 299 1800 reditus
322 1736 353 1800 ot
375 1729 416 1800 τοὶ
440 1736 517 1820 τέλη
539 1737 746 1821 exigerentur3
777 1757 850 1802 nam
872 1757 940 1821 quar
961 1737 1083 1820 proprie
1107 1728 1244 1802 δεκάται

184 1840 386 1922 appellantur,
411 1860 517 1907 carum
536 1843 692 1926 exigusin
701 1843 806 1910 Attica
821 1843 954 1927 vestigia
969 1844 1052 1920 sunt,
1075 1840 1246 1907 aBoeckhio

184 1945 222 2011 de
244 1966 337 2012 oecon.
360 1948 443 2031 publ.
466 1949 702 2015 Atheniensium
720 1951 736 2014 I
757 1969 786 2032 p.
798 1951 859 2013 443
882 1949 954 2015 edii.
978 1967 1039 2014 sec.
1060 1947 1244 2025 monstrata.

184 2051 245 2117 Sed
265 2054 301 2117 ut
322 2037 379 2118 hoc
400 2053 560 2130 incertum,
582 2056 628 2121 ita
650 2057 778 2130 certum,
802 2054 883 2139 quod
905 2054 1060 2138 sequitur:
1095 2045 1245 2136 μάλιστα

185 2152 393 2243 diesparisan*
417 2162 485 2226 τών
508 2154 903 2248 ἓυμ-μσέχωνπροσόδου,
931 2149 1037 2246 ἧσσον
1060 2160 1245 2244 διαφορου-

182 2268 305 2350 μένης,
336 2272 373 2330 οἳ
392 2263 433 2332 τα’
456 2262 537 2350 παρ’
558 2262 658 2353 ὑμῶν
680 2269 884 2352 νομίσαντες
911 2264 978 2352 dap
1009 2261 1094 2332 νατσὶ
1125 2266 1246 2351 κράτος

183 2366 415 2454 πολεμεῖσθαι
447 2369 729 2459 ὀλιγωρήσουσιν,
766 2379 798 2439 et
824 2374 908 2439 aliud
933 2374 1061 2438 verbum
1088 2393 1144 2456 pro
1175 2374 1248 2447 dea<

100 2544 103 2555 ,
184 2484 366 2562 φορεῖσθαι
396 2482 427 2544 et
454 2480 545 2562 (quod
572 2481 675 2545 minus
702 2480 950 2544 animadversum
979 2481 1040 2559 est)
1071 2481 1246 2545 necessario

182 2585 321 2648 futurum
342 2586 464 2668 tempus
484 2585 617 2668 requiri,
650 2586 760 2650 deinde
791 2585 938 2666 temporis
972 2587 1026 2650 aut
1060 2584 1245 2651 condicionis

183 2690 450 2773 significationem.
498 2691 628 2757 Videtur
649 2691 744 2756 fuisse
767 2691 1185 2776 ὃιαπσρευοοιιένης,
1211 2696 1247 2757 εἰ

184 2846 191 2859 .
215 2843 224 2860 .
248 2844 256 2859 .
279 2790 553 2881 ὀλιγωρήσουσιν.
597 2799 644 2862 De
666 2802 697 2862 εἰ
718 2799 868 2863 dubitatio
891 2798 976 2862 nulla
999 2794 1062 2875 estss
1092 2818 1147 2881 pro
1171 2799 1245 2866 δια-

183 2907 437 2988 πορευσοιιὲνης
462 2905 563 2987 potest
584 2905 678 2969 etiam
699 2905 794 2969 fuisso
817 2903 1113 2989 ὃιακομιουμένης.

283 3010 349 3073 Ibd.
363 3011 413 3088 97,
439 3013 452 3070 i
472 3010 681 3076 scribendum:
709 3012 753 3078 Οἱ
776 3011 810 3077 dt
828 3004 1015 3097 Ἀθηναῖοι
1038 3003 1166 3094 ταύτης
1187 3012 1246 3093 της

184 3110 317 3191 νυκτός,
341 3105 363 3204 ᾖ
384 3115 426 3202 τῇ
442 3121 684 3204 ἐπιγιγνομὲνη
696 3118 753 3198 (sic
769 3120 882 3203 Poppo‚
898 3119 930 3182 in
941 3119 1028 3183 libris
1042 3117 1198 3182 omittitur
1209 3105 1245 3205 ᾖ)

183 3215 290 3307 ἡμέρᾳ
313 3217 523 3306 ἐξηταζοντο,
547 3226 677 3289 ἔλαθον
698 3225 781 3303 (libri
804 3219 999 3309 ἐξηταζουτο
1024 3225 1077 3288 καὶ
1101 3226 1247 3301 ἔλαθον)

185 3320 311 3400 αὐτους
344 3331 447 3394 παντὶ
483 3324 548 3413 ηἰλη
576 3333 620 3416 τη]
657 3324 884 3416 στρατεύματι
918 3338 952 3395 ἐκ
989 3332 1048 3414 της
1081 3325 1246 3415 Κατάνης

185 3428 320 3519 σχόντες
349 3431 432 3500 κατα
466 3430 528 3499 τόν
569 3437 698 3502 Λέοντα
728 3431 951 3519 καλούμενον.
1002 3436 1114 3510 Nocte,
1152 3455 1244 3520 quam

183 3540 321 3605 insecuto
344 3542 393 3605 die
415 3542 583 3619 (insecutus
605 3546 653 3607 est
677 3542 758 3617 dies,
786 3546 856 3623 quo)
881 3539 1064 3623 Syracusani
1090 3542 1246 3624 copiarum

184 3662 345 3709 recensum
379 3648 533 3729 superiore
563 3648 662 3729 capite
690 3648 961 3709 commemoratum
994 3647 1150 3724 focerunt,
1182 3648 1245 3711 iam

185 3749 388 3817 Athenienses
411 3754 468 3816 cet.
513 3753 634 3816 Omisso
656 3769 756 3815 errore
779 3740 801 3838 ᾖ
824 3751 962 3814 additum
985 3756 1033 3816 est
1055 3751 1119 3816 acl.
1157 3752 1244 3832 Quod

185 3854 308 3936 quidam
330 3860 400 3939 post
422 3850 617 3940 ἐξητάζοντο
642 3856 769 3919 verbum
796 3855 944 3921 excidisse
973 3859 1121 3940 putarunt
1147 3851 1244 3941 (αὐή-

184 3970 310 4046 γοντσ),
335 3983 458 4044 prorsus
482 3982 550 4028 eam
572 3961 778 4026 coniecturam
805 3963 916 4025 evertit
941 3968 975 4026 ἐκ
998 3964 1057 4043 τῆς
1080 3959 1246 4048 Κατάνης
