2580 4530
214 269 275 329 472
637 267 698 324 Lib.
714 267 769 325 III.

174 486 245 531 eum
270 485 329 532 uno
354 468 470 546 auditu,
499 468 554 533 sed
580 486 649 532 eum
670 467 810 533 omnibus
831 469 969 534 sensibus
992 471 1185 552 eomparatur
1204 472 1235 534 et

173 573 228 637 illa
248 573 372 656 partitio
395 568 417 656 ἦ
439 578 504 658 μὲν
592 623 600 638 .
622 567 644 657 ἦ
668 571 701 637 δὲ
724 572 762 636 ud
784 565 959 640 universam
980 594 1126 640 sensuum
1148 595 1233 641 men-

173 679 290 743 tionem
312 679 449 744 refertur.
471 679 622 771 Additum
643 679 691 743 est
711 674 733 762 ἡ
754 671 839 762 α’κοή
861 681 985 763 propter
1007 682 1071 746 καί.
1187 722 1192 731 ·

275 786 341 850 Ibd.
364 805 388 850 ο.
415 789 453 847 10
481 807 510 870 p,
545 774 605 847 422
628 803 647 850 a
667 785 697 868 (ἓ
723 785 755 863 3)
776 785 910 868 primum
938 786 1034 852 oratio
1067 789 1112 853 sie
1139 789 1234 854 inter-

175 891 351 974 pungeuda:
395 887 506 979 ὥσπερ
547 887 610 979 γαρ
656 886 674 957 ὅ
708 886 830 975 μικρός
866 887 977 976 ψόφος
1013 887 1234 978 α’νήκονοτος,

176 991 304 1078 τρόπον
337 994 413 1063 τινα
451 1001 505 1064 καὶ
542 992 561 1062 0‘
592 1000 698 1083 μέγας
734 1023 770 1062 τε
804 999 858 1062 καὶ
895 990 913 1062 ὁ
948 1001 1072 1082 βίαιος.
1135 1002 1234 1086 Vulgo

177 1121 298 1167 cemma
330 1104 513 1170 transfertur
542 1106 613 1188 post
648 1095 775 1188 τρόπον
807 1096 893 1168 τινα.
950 1105 1124 1188 Sequuntur
1156 1107 1232 1172 haee:

176 1201 324 1292 οἷόρατον
347 1209 380 1275 rb
404 1205 443 1276 τό
465 1215 529 1293 μὲν
551 1207 635 1284 ὅλως
657 1213 799 1296 λέγεται,
821 1206 936 1296 ὥσπερ
969 1215 1023 1278 καὶ
1047 1205 1100 1275 ἐπ’
1123 1209 1234 1279 ἄλλων

177 1312 216 1380 τό
248 1309 433 1389 α’δτλνατον,
465 1310 502 1380 τό
537 1308 566 1381 δ”
597 1312 655 1382 ἐαῖν
688 1312 838 1402 πεφυκός
859 1312 909 1401 μή
944 1327 1000 1406 ἔχῃ
1031 1311 1053 1402 ἢ
1086 1314 1233 1403 φαύλως,

177 1419 289 1505 ὥσπερ
323 1420 361 1487 τό
385 1418 498 1487 ἅπονν
530 1421 584 1486 καὶ
616 1417 654 1487 ud
688 1415 876 1507 οἷπύρηνον.
918 1423 1068 1490 Videntur
1100 1427 1236 1510 separari

177 1529 314 1594 absolute
342 1527 495 1592 invisibile
525 1532 573 1604 (-
598 1528 631 1593 in
660 1529 825 1595 Aristotele
855 1531 948 1595 lieere
983 1530 1074 1596 debet
1106 1533 1235 1599 barbare

173 1633 262 1717 loqui
278 1643 332 1711 -)
365 1628 414 1714 (τό
449 1636 537 1715 uiui
558 1635 589 1697 et
620 1653 713 1717 prope
744 1636 894 1701 invisibile
929 1631 980 1714 (τό
1016 1629 1066 1713 δ’).
1119 1639 1235 1706 Verum

176 1739 256 1822 qued
276 1738 314 1804 de
335 1741 392 1807 hoe
413 1742 545 1824 ponitur,
568 1740 761 1823 apertissime
791 1742 954 1824 utrumque
989 1745 1233 1826 comprehendit:

176 1842 236 1911 ὲαν
257 1843 307 1931 μή
331 1844 483 1932 πεφυκός
502 1855 559 1933 ἔχῃ
582 1848 742 1926 (absolute)
769 1840 793 1932 ἢ
820 1840 955 1931 φαύλως
975 1850 1022 1927 (ut
1041 1869 1135 1934 prope
1156 1852 1234 1916 invi·

176 1940 264 2018 sibile
293 1955 362 2033 sit);
396 1957 428 2020 et
464 1954 571 2019 eodem
605 1955 761 2034 pertinent
795 1954 917 2018 adiecta
947 1954 1003 2019 illa
1035 1951 1149 2040 ὥσπερ
1180 1959 1232 2023 καὶ

175 2053 228 2124 ἐπ’
255 2056 366 2125 ἄλλων
392 2057 430 2126 τό
465 2053 646 2128 α’λύνατον,
681 2079 747 2142 quae
779 2060 951 2144 significant
981 2052 1075 2127 etiem
1096 2063 1134 2127 ‘in
1166 2064 1234 2130 aliis

174 2167 264 2246 rebus
287 2163 329 2252 ed
350 2159 533 2233 eburneus
554 2184 615 2230 non
637 2185 758 2249 semper
788 2167 924 2231 absolute
951 2167 1020 2233 diei.
1064 2168 1235 2252 Scripsernt

174 2270 356 2337 Aristoteles
381 2276 446 2338 aui:
470 2265 618 2356 α’όρατον
641 2273 675 2337 ue
697 2270 780 2344 ὅλως
802 2274 946 2358 λέγεται,
970 2270 1082 2358 ὥσπέρ
1102 2278 1158 2341 καὶ
1181 2268 1232 2341 ἐπ’

174 2373 344 2443 ἄλλωντὸ
377 2372 560 2453 αδύνατον,
592 2375 691 2444 ὅταν
724 2380 790 2458 (aut
811 2374 831 2443 ὃ
852 2372 907 2456 ἄν)
929 2374 978 2462 μή
1002 2377 1155 2462 πεφυκός
1178 2389 1231 2469 ἔχῃ

175 2477 198 2567 ἢ
221 2481 366 2568 φαύλως,
389 2483 502 2570 ὥσπερ
527 2512 555 2550 κ.
577 2510 605 2550 τ.
625 2486 665 2561 λ,
687 2486 741 2548 aut
761 2485 912 2550 similiter.

272 2593 338 2656 Ibd.
361 2614 384 2658 e.
408 2593 444 2653 11
468 2614 498 2677 p.
521 2594 583 2653 424
611 2592 680 2674 a(§
706 2594 771 2669 12):
806 2587 963 2656 οἵναπτον
986 2584 1014 2657 δ’
1043 2595 1111 2660 ἐστὶ
1134 2589 1173 2660 τό
1197 2622 1231 2660 τε

170 2693 299 2781 ,πικροέν
326 2707 400 2784 ἔχον
435 2697 585 2782 ποτ’,ωπαν
618 2693 784 2781 διαφοράν
817 2698 885 2762 των
914 2691 1046 2775 ἁπτῶν,
1078 2697 1152 2766 οἷον
1176 2706 1232 2767 πέ-

172 2799 338 2869 πονθενὸ
362 2800 440 2891 sirie,
465 2808 519 2890 καὶ
542 2806 610 2870 τῶν
631 2798 750 2868 οἶπτών
772 2809 806 2868 αἱ
830 2798 1030 2890 ὑπερβολαὶ,
1054 2803 1168 2892 ὥσπερ
1191 2805 1231 2874 τοὶ

173 2903 356 2994 priapeius.
407 2912 494 2977 Nihil
520 2913 579 2977 hue
611 2911 762 2995 pertinere
794 2911 913 2975 videtur
935 2912 1108 2978 differentia
1131 2915 1232 3000 tungi-

171 3019 280 3083 bilium
312 3021 366 3083 eut
393 3019 566 3084 differentia
591 3019 629 3084 ab
656 3018 724 3082 aliis
757 3016 971 3100 tangibilibus‚
1010 3021 1065 3085 sed
1097 3021 1232 3107 intangi-

171 3124 275 3190 bilites
296 3125 360 3188 haee
391 3144 448 3188 nen
471 3125 609 3190 absoluta
631 3124 751 3207 (exigua
770 3123 973 3206 tangibilites)
994 3144 1120 3191 eausam
1140 3128 1233 3194 habet

172 3231 313 3314 exiguam
336 3229 544 3294 ¹differentiam
570 3231 629 3307 rei,
665 3249 731 3311 quae
753 3229 909 3312 tangenda
930 3233 995 3295 erat
1016 3232 1194 3311 (utereris),
1216 3251 1233 3296 τ

171 3337 382 3421 tangentibus3
405 3355 478 3399 narn
500 3354 604 3401 sensus
626 3337 769 3407 nascitur
784 3356 818 3399 ex
840 3335 1010 3400 differentia
1033 3339 1064 3402 et
1079 3337 1231 3405 conflictu

172 3442 374 3507 scribendum
395 3441 505 3524 igitur:
539 3437 666 3526 ροικροέν
696 3450 771 3527 ἔχον
801 3436 952 3524 πάμπαν
976 3438 1143 3527 διαφοραν
1165 3447 1232 3510 τῶν

171 3541 396 3613 ὁπτόνῖων.

270 3655 337 3718 Lib.
368 3654 415 3717 ΙΙΙ
438 3653 502 3715 el
536 3670 566 3732 p.
589 3653 650 3712 424
682 3653 754 3732 b(§
781 3655 819 3728 1).
862 3651 1042 3736 Interpungi
1067 3654 1165 3719 oratio
1190 3655 1232 3719 sie

169 3760 275 3824 debet:
298 3763 344 3826 Ei
365 3753 429 3845 γαρ
452 3752 593 3832 παντὸς,
616 3745 656 3823 οὗ
678 3759 769 3822 ἐστὶν
790 3760 962 3842 αἴσθησις,
985 3751 1068 3843 ἁφή,
1093 3763 1149 3826 καὶ
1167 3762 1232 3827 νῦν

171 3868 334 3949 αἴσθησιν
367 3873 488 3952 ἔχομεν
521 3890 550 3930 κ.
581 3891 610 3928 τ.
638 3865 666 3929 λ.
708 3863 818 3928 Audiri
840 3866 930 3931 ἐστὶν
951 3867 1086 3947 apparet.
1131 3868 1231 3952 Vulgo

170 3973 327 4038 scribitur:
350 3963 391 4038 οὗ
413 3976 505 4040 ἐστὶν
527 3976 687 4058 αἴσθησις
708 3963 788 4055 ἁφή.
960 3992 963 3994 ’
