2580 4530
150 232 212 293 350
572 233 631 288 uie.
650 235 702 288 111.

108 431 283 515 μηδεμίαν
306 457 387 499 κ.τ.
414 436 467 511 t).
500 431 604 515 Ἕνα,
625 435 703 517 quod
725 437 910 501 sententiam
932 437 1039 503 turbat
1060 440 1171 518 (neque

110 539 191 603 enim
224 539 260 603 de
282 558 406 604 numero
437 541 548 624 egitur,
580 540 636 605 sed
664 541 701 605 de
730 542 889 607 civitatum
919 541 1170 624 comparatione),

110 645 217 707 natum
239 647 287 709 est
308 645 482 710 litterarum
503 647 721 731 geminatione.

210 751 276 815 Ibd.
300 753 327 826 5,
352 753 370 812 2
393 754 618 835 opinortuisse:
640 748 763 819 ἐθύετο
790 750 928 828 ἐξόδια
954 753 1024 834 (hoo
1047 755 1096 816 est
1119 745 1170 816 ἐπ’

112 852 222 943 ἐξόδῳ,
245 860 286 922 ut·
303 855 461 944 σωτήρια,-
482 861 564 938 ulia).

211 964 277 1028 Ibd.
298 965 374 1047 §42
416 958 513 1031 Ἐπεὶ
549 960 578 1031 6'
607 970 638 1029 αι’
671 967 806 1051 λοχαγοὶ
833 966 886 1029 καὶ
910 970 940 1028 oi
973 965 1172 1049 στρατιῶται

112 1064 281 1136 α’πέλιπον
313 1065 456 1146 αὐτούς,
499 1066 742 1159 αἰσχυνόμενοι
772 1098 825 1157 ,αη-
862 1073 1072 1155 ἐφέπεσθαι,
1108 1072 1173 1134 τῶν

112 1175 224 1242 ἄλλων
247 1172 411 1253 ἐξιόντων
437 1183 619 1245 κατέλιπον
641 1173 747 1244 αὐτοῦ
773 1173 854 1250 nodo
875 1172 960 1260 νπὲρ
992 1203 1093 1243 nerse
1120 1181 1173 1242 καὶ

111 1309 361 1367 τιτταρακοντα
392 1293 459 1348 etr.
493 1285 561 1350 Nun
591 1279 718 1357 αυτούς
747 1283 841 1367 (τους
871 1278 1093 1370 στρατνγοτλς)
1122 1285 1175 1348 de—

113 1392 264 1464 serebant,
297 1392 351 1456 sed
384 1391 538 1469 Neonem,
579 1411 638 1475 quo
670 1392 747 1456 duee
779 1409 934 1456 remanere
965 1392 1043 1456 iussi
1079 1393 1175 1455 erent.

112 1496 260 1561 Mendum
285 1499 387 1583 arguit
407 1500 500 1564 etiarn
522 1499 572 1563 hie
593 1517 771 1564 concursus:
796 1499 871 1564 ἐπεὶ
895 1490 1068 1562 α’πὲλιπον
1091 1544 1097 1559 .
1124 1545 1131 1561 .
1154 1543 1175 1568 ·‚

114 1605 303 1669 κατέλιπον.
346 1604 419 1669 Fuit
441 1598 674 1670 οἷπέκναιον
696 1598 823 1676 αὐτούς
845 1606 899 1668 aut
919 1598 1021 1668 simile
1038 1603 1176 1678 verbum,

114 1708 300 1776 obtundendi
322 1715 354 1775 et
374 1712 514 1792 precibus
535 1711 685 1796 fatigandi
707 1711 961 1796 significationem
983 1709 1110 1774 hebens.

215 1814 281 1880 Lib
304 1817 375 1894 Vll
407 1815 444 1895 3,
467 1819 516 1881 21.
561 1817 698 1895 Codices,
726 1817 778 1901 qui
806 1817 950 1882 meliores
978 1835 1047 1881 esse
1069 1817 1177 1893 solent

114 1921 315 1988 eteditiones
338 1927 408 2026 post
394 1923 648 1990 tSohneiderum
668 1924 798 1989 habent:
771 1922 997 1988 te’tmwdt
984 1923 1179 2005 t'eprnndsr

116 2020 365 2115 εῖοννὲχθησαν
412 2032 532 2097 πᾶσιν·
579 2019 672 2096 οὗτοι
719 2024 747 2094 6’
786 2021 875 2113 ἦσαν
915 2030 1021 2112 κρεῶν
1058 2031 1178 2112 μεστοὶ

116 2141 407 2220 νινειιημὲνωνκ.
431 2161 458 2199 τ.
483 2138 520 2212 λ.,
543 2137 671 2221 reliqui
683 2136 818 2201 cedices:
841 2145 866 2200 τ’.
891 2136 919 2200 6
953 2161 982 2200 τ
1006 2163 1032 2200 e
1061 2137 1180 2209 πᾶσιν,

115 2232 302 2308 or‘s-ror6''
282 2267 364 2308 οσον
393 2246 497 2307 τῖκοολ
527 2244 632 2324 κρεῶν
664 2269 698 2324 ιι.
722 2268 768 2332 ν.
787 2261 929 2325 quorum
961 2241 1178 2306 testimonium

114 2351 275 2414 confirmet
285 2349 453 2414 Athenaeus
476 2348 524 2413 bis
546 2350 611 2413 haee
633 2349 731 2415 nitens
745 2349 833 2430 (IIp
846 2348 935 2425 49ss
958 2349 1041 2430 le
1057 2347 1177 2426 1511)

116 2459 147 2518 et
170 2455 384 2538 (praeterquam
407 2455 486 2538 quod
507 2454 700 2520 nemoitlurn
718 2473 878 2521 numerum
901 2455 939 2520 de
962 2473 1015 2518 suo
1035 2453 1178 2518 illaturus

117 2563 193 2637 erat)
216 2562 321 2642 aperte
343 2561 409 2643 ipse
426 2562 613 2644 Xenophon;
636 2564 774 2626 rement
796 2582 883 2627 sue-m
907 2562 1015 2644 cuique
1037 2577 1177 2624 mensam

116 2668 236 2731 illatam
265 2686 334 2730 eum
368 2686 507 2733 narrasse
530 2671 657 2750 apparet
679 2668 772 2751 (quod
794 2671 899 2733 tamen
933 2687 992 2732 non
1020 2666 1097 2731 setis
1128 2684 1179 2728 ex-

117 2774 259 2856 primitur
280 2774 333 2837 itlo
357 2775 473 2847 πᾶσιν)
495 2775 549 2839 eut
571 2775 710 2840 omnibus
723 2775 857 2840 convivis
873 2777 989 2841 eertum
1003 2773 1178 2849 (minorem)

119 2900 294 2945 mensarum
326 2898 506 2955 numerum
546 2901 653 2946 verum
686 2863 791 2946 eutem·
827 2882 886 2946 hoo
917 2880 1069 2962 posterius
1103 2897 1179 2952 esse,

119 2987 292 3063 ostendunt,
314 3006 380 3069 quse
402 2990 586 3072 sequuntur:
619 2981 766 3073 μάλιστα
791 2981 819 3053 6’
847 2993 881 3052 αι’
904 2981 1067 3070 τράπεζαι
1095 2979 1179 3050 nard

120 3091 200 3166 τούς
227 3100 340 3169 §trove
361 3085 413 3158 οἷοὶ
437 3094 605 3161 ἐτίθεντο.
650 3095 710 3161 Sed
731 3101 835 3161 tamen
858 3095 1021 3160 alterorum
1042 3092 1180 3156 oodioum

121 3207 152 3266 et
172 3200 315 3266 Athenaei
337 3200 487 3282 scripture
508 3203 672 3268 manifesto
693 3204 802 3268 vitiosa
824 3205 871 3267 est
892 3203 924 3266 in
943 3202 997 3266 illo
1019 3187 1112 3265 οὗτοι
1137 3200 1180 3263 dt.

121 3309 290 3391 Scripseret
321 3306 490 3389 Xenophon
524 3310 671 3392 primum:
704 3310 810 3373 πᾶσιν
838 3356 844 3371 .
875 3355 882 3370 .
913 3298 922 3369 ’.
957 3305 1038 3373 ὅσον
1066 3309 1180 3372 εἴκοσι.

121 3416 179 3480 His
200 3414 362 3479 interiecta
389 3415 456 3478 eret
483 3417 678 3479 convivarum
705 3416 824 3479 numeri
852 3414 1016 3479 indicatio:
1040 3416 1064 3493 (.
1089 3464 1096 3477 .
1123 3463 1130 3478 ,
1154 3405 1182 3475 6'

122 3513 237 3603 ἦναν);
260 3517 327 3601 quis
351 3541 494 3587 numerus
517 3508 688 3585 suboriens
711 3520 817 3597 lateat,
838 3520 950 3586 nescio.

222 3630 288 3693 ibd.
311 3629 331 3714 ξ
353 3631 407 3693 47;
432 3622 516 3692 ολλλκλ
537 3621 600 3711 γάρ
625 3634 740 3709 ἔρημοι
765 3630 796 3688 οἱ
821 3630 938 3697 ἱππεῖς
961 3625 1181 3710 οἴχονταιίιοι

123 3733 224 3806 ἄλλος
247 3733 333 3824 ἄλλῃ
356 3727 493 3800 διώκων.
537 3735 606 3798 Non
632 3732 748 3814 equites
777 3730 890 3794 deserti
912 3734 1018 3808 erant,
1051 3733 1106 3797 sed
1133 3752 1183 3797 rex

123 3842 198 3921 ipse,
221 3859 239 3904 a
261 3842 370 3923 quibus
392 3842 438 3906 illi
462 3840 682 3905 discesserent:
711 3830 797 3901 a’ttd
825 3832 890 3920 γάρ
914 3830 1050 3923 ἐρήμῳ
1073 3843 1106 3904 αἱ
1129 3843 1184 3904 ἱπ-

125 3959 200 4018 πεῖς
222 3948 371 4030 οἴχονταί
393 3973 463 4030 μοι.
