2580 4530
152 244 213 308 18'4
583 237 643 300 tit.
661 244 683 300 1.

110 442 250 509 omnibus
282 443 322 508 od
344 436 642 530 δικαιολογήσομαι
670 443 804 524 (Timon.
826 445 881 522 37)
909 448 940 510 ot
962 442 1167 533 διηγήσομαι

110 550 259 632 (Hermota
282 550 354 633 80),
376 553 412 614 ut
432 550 567 625 videtur,
596 550 690 615 etiam
712 551 752 615 ed
773 545 1038 638 α’ποιιλιγρσύμεν
1055 552 1098 615 'in
1120 553 1167 616 bis

109 674 207 721 aeeus.
228 676 253 722 e.
279 657 327 735 14,
348 674 402 739 pro
423 675 485 740 quo
504 656 678 720 Dindorfius
700 649 959 742 ἀποκληρῶμεν,
973 652 1167 741 ¹secutusque

109 762 158 827 est
176 762 373 838 Jeeobitzius,
401 763 519 846 opinor,
547 761 628 845 qued
647 763 804 844 praesentis
833 765 937 830 temen
964 763 1167 829 indicativum

78 950 83 959 α
108 866 304 947 mutuebat,
319 870 352 934 ot
362 870 402 935 ad
414 867 697 954 παραγγελοῦμεν
707 888 762 951 pro
773 870 1058 958 παραγγείλωμεο
1068 868 1167 946 ibet,

109 992 127 1038 e
147 973 300 1058 plerisque
323 975 363 1041 ed
384 967 688 1061 ιιαεαριθμήσομαι
712 976 821 1061 (nevig.
848 977 904 1054 263
932 963 1110 1042 Dindorfius
1132 995 1168 1039 ex

109 1099 168 1145 une
189 1082 271 1147 reete
294 1074 636 1168 καταριθμήσομαι);
664 1081 799 1147 varietur
821 1101 891 1148 eum
914 1083 1029 1167 apertis
1051 1081 1167 1146 fraudis

108 1187 227 1263 indiciis
248 1188 280 1253 in
300 1188 348 1252 his
369 1187 457 1252 loeis:
480 1183 569 1274 (lber.
582 1189 611 1266 7,
632 1187 685 1252 ubi
706 1187 809 1270 plures
832 1190 864 1254 et
884 1190 1027 1254 meliores
1045 1181 1167 1274 βούλει

110 1295 245 1375 ἔρωμαι,
268 1277 448 1358 Iaoobltzius
470 1311 505 1357 ex
529 1310 588 1357 uno
616 1291 779 1379 ἐρήσομαι
809 1293 952 1377 arripuit3
981 1293 1055 1358 dial.
1084 1292 1166 1358 deor.

110 1396 160 1474 20,
185 1397 233 1475 16,
260 1397 313 1462 ubi
334 1398 471 1481 plerique
495 1398 615 1464 eodiees
644 1395 763 1485 βούλει
795 1393 1012 1484 ἐπομόσομαι
1042 1400 1167 1476 habent,

111 1502 244 1584 optimus
268 1503 324 1582 (A)
352 1499 590 1589 ἐπομόσομαι,
617 1507 697 1589 qued
722 1506 788 1590 ipse
809 1507 991 1572 Ieeobitzius
1021 1506 1167 1581 restituit,

110 1627 180 1673 eum
200 1608 336 1674 buturum
367 1596 575 1696 ἐπσμσύμιιι
594 1614 689 1688 esset;
718 1611 829 1695 eetapl.
852 1615 885 1687 5,
914 1611 967 1676 ubi
988 1612 1168 1676 Iaeebitzius

110 1733 126 1778 e
147 1715 263 1780 duobus
285 1715 438 1783 codicibus
460 1713 737 1804 ἐμβιβασάμεθα,
759 1721 843 1784 reete
861 1718 955 1784 eeteri
970 1716 1168 1803 ἐμβιβασώ-

110 1828 226 1904 μεθο;
253 1821 353 1906 nevig.
375 1826 404 1898 4,
425 1823 480 1889 ubi
499 1824 613 1891 editur:
647 1819 669 1910 ἢ
695 1818 824 1897 ἐθέλεις
846 1819 908 1910 ἐγώ
932 1815 1038 1896 αὖθις
1061 1819 1168 1890 ἐπάν-

111 1925 455 2015 elucescentem,
482 1931 537 1996 sed
564 1932 629 1997 eod.
651 1933 681 1996 A
704 1932 797 1997 hebet
820 1925 912 1996 ἐισσλιΙ
939 1935 1023 2015 εἰμϊ,
1052 1949 1090 1996 ex
1112 1951 1169 2015 quo

113 2035 246 2102 efficitur
268 2036 405 2102 ἐπαοιό.
456 2039 492 2102 In
515 2040 635 2123 eeteplo
659 2039 678 2102 9
703 2037 883 2104 Iaeobituius
903 2039 1023 2104 sublato
1045 2041 1169 2121 propter

111 2143 244 2208 codicem
261 2144 292 2208 A
314 2148 344 2210 εἰ
365 2145 468 2209 effecit
487 2138 605 2228 βούλει
628 2139 815 2229 προσθήσω
839 2145 945 2211 contra
965 2144 1168 2221 sententiam

110 2262 207 2331 neque
238 2250 320 2314 enim
353 2249 573 2334 Megepenthes
608 2250 770 2316 eonsilium
806 2251 931 2317 Clothus
971 2251 1087 2332 expetit
1126 2251 1170 2328 (et

110 2356 259 2437 repugnet
280 2354 374 2418 etiam
395 2356 490 2420 oratio
518 2375 536 2421 ε
563 2357 618 2422 nal
646 2357 827 2439 incipieus),
860 2357 914 2422 sed
947 2356 1107 2422 eoubnuet
1139 2356 1171 2420 et

111 2459 205 2543 auget
224 2460 387 2543 promissa:
410 2461 464 2525 καὶ
480 2457 561 2534 σούς
582 2456 642 2527 δύο
659 2463 839 2547 κρατῆρας,
863 2467 894 2529 εἰ
915 2454 1047 2547 βούλει,
1065 2485 1170 2544 προς-

111 2556 252 2649 θήσω.’)
284 2566 392 2647 Itaque
406 2559 523 2651 βούλει
537 2561 752 2655 διηγήσομαι,
775 2569 810 2633 ub
832 2576 916 2652 ἔφην
939 2563 1168 2655 διηγήσασθαι

111 2689 165 2754 pro
200 2663 439 2758 διηγήσεσθαι,
476 2673 607 2741 librariis
639 2676 845 2758 relinquemus
875 2677 907 2740 et
933 2676 1061 2747 fortasse
1083 2675 1169 2740 festi-

14 2821 19 2827 .
112 2776 255 2841 nautibus
283 2777 425 2845 ueterum
458 2783 512 2846 eut
543 2781 675 2848 materie
701 2781 876 2847 carentibus
906 2772 1169 2875 progrem'metum

113 2881 319 2964 scriptoribus.

169 3077 317 3132 Materiam
335 3077 432 3148 eollegi
449 3094 502 3132 nou
521 3094 552 3132 er
570 3079 694 3134 omuibus
713 3079 814 3134 libellis
832 3079 981 3143 Lueieueis
1002 3079 1047 3133 sed
1067 3079 1121 3134 lere
1140 3096 1170 3133 er

183 3169 284 3248 duabus
302 3170 391 3226 tertiis
405 3170 535 3240 pertibus,
555 3188 587 3225 ex
605 3171 648 3237 iis,
668 3172 714 3242 qui
732 3171 851 3228 lectitari
870 3173 965 3238 solent,
982 3172 1113 3227 omnibus.
