2580 4530
210 228 270 289 250

267 423 332 490 lbd.
355 422 431 487 689:

343 522 364 613 ἢ
386 522 448 601 ade
467 523 538 593 ἄνια
558 552 595 593 νε
618 530 672 593 καὶ
696 521 1019 623 κάταιφορουμὲνος

345 635 476 719 ἱμᾶσιν,
498 624 647 719 αἵματός
670 659 706 699 as
730 634 866 716 φοινίου
888 624 980 716 ῥοάς.

267 741 325 805 Pro
348 734 410 813 τας
433 789 440 804 .
464 788 472 807 .
496 789 503 804 .
527 745 742 825 φορουριένας
770 728 869 805 editur
898 758 934 802 ex
955 736 1081 802 Heatbii
1109 736 1231 802 eonieo·

166 849 234 912 tura
257 842 337 919 uode
360 894 368 909 .
393 896 399 909 .
426 895 430 904 .
457 849 690 930 φορουμένους
718 850 748 912 et
775 832 970 927 improbabili
991 861 1046 925 per
1068 859 1102 906 se
1125 842 1231 905 muta-

166 954 247 1018 tione
278 953 343 1035 (qui
376 949 458 1014 enim
490 950 562 1014 hine
593 951 774 1015 femininum
806 952 913 1015 natum
946 951 1031 1022 est?)
1068 948 1101 1012 et
1134 945 1230 1012 nimis

165 1059 293 1123 obscure
315 1046 501 1141 significatis
520 1035 655 1122 curribus
679 1057 789 1140 quiquo
812 1058 843 1119 in
865 1055 903 1125 iis
932 1054 1050 1130 essent3
1078 1071 1136 1118 neo
1157 1056 1231 1135 apte

165 1164 232 1246 ipsi,
272 1164 371 1252 quie
403 1161 541 1226 ourribus
567 1168 714 1247 pugnant,
752 1162 893 1227 ffiountur
911 1163 1056 1253 ⁴iperium,
1073 1155 1143 1224 ἅνω
1172 1161 1229 1226 καὶ

166 1261 253 1333 καίτοι
287 1254 481 1352 φορεῖσθαι.
536 1268 628 1335 Latet
660 1267 886 1336 substantivum
926 1264 1066 1331 feminini
1108 1266 1231 1350 generis

164 1394 268 1439 ourrus
309 1374 359 1440 vel
399 1374 500 1457 potius
538 1377 658 1457 partem
697 1372 884 1456 superiorem
923 1363 1065 1443 curruum
1107 1371 1230 1456 ἱμᾶσιν

166 1496 344 1562 suspensam
368 1479 557 1564 significans:
1049 1565 1052 1569 ι

313 1580 335 1668 ἢ
358 1581 541 1672 ἄντυγας
563 1582 631 1649 ἄνω
651 1610 687 1650 τε
711 1587 765 1648 καὶ
790 1578 877 1648 κάτω
900 1587 1114 1668 φορονμένας

313 1692 442 1775 ἱμᾶσιν.
1021 1680 1023 1685 ⁸

162 1794 274 1860 Noouit
296 1799 391 1863 orasis
414 1793 435 1885 ἢ
460 1792 603 1886 'oropus

262 1902 328 1967 Ibd.
353 1903 431 1966 716:
700 1976 708 1993 ⁹

311 2003 401 2092 ὁμοῦ
420 2002 610 2096 ,τραχήλους
633 2001 878 2090 κοῖνιικοίμονον
903 2002 988 2092 adpo
1043 2054 1046 2064 ·

312 2121 432 2188 κυνέας
452 2118 603 2199 ,θερίζων
626 2107 882 2192 κάποκαυλίζων
905 2109 1002 2200 ξύλῳ.

160 2221 272 2284 Durior
283 2220 431 2286 transitus
446 2241 464 2286 a
478 2219 589 2305 plurali
611 2215 824 2307 (τραχήλους)
847 2222 886 2284 ad
908 2220 1095 2305 singularem
1112 2215 1224 2306 (κάρα)

159 2325 282 2390 defendi
303 2324 526 2408 quodammodo
546 2306 657 2406 potest,
680 2325 760 2409 quod
774 2319 857 2408 καῖρα
869 2326 1021 2408 pluralem
1037 2346 1098 2392 non
1113 2327 1224 2423 babet3

159 2431 293 2496 reditum
314 2431 354 2496 ad
374 2430 525 2513 pluralem
546 2431 635 2514 longe
657 2429 809 2496 duriorem
833 2436 977 2521 (κυνέας)
999 2435 1031 2513 et
1057 2432 1225 2498 subabsur-

159 2537 232 2602 dum
256 2536 355 2621 (quasi
376 2555 471 2600 unum
498 2539 589 2619 eaput
615 2536 717 2620 plures
744 2538 849 2622 galeas
880 2538 1021 2603 habuerit
1048 2538 1223 2620 impositas)

158 2663 218 2708 non
245 2643 358 2719 babeo,
397 2628 545 2724 quomodo
576 2641 747 2711 defendam.
814 2643 883 2708 Huo
911 2663 981 2708 oum
1009 2625 1151 2720 accedat,
1188 2645 1224 2708 ut

158 2750 240 2834 apud
265 2751 421 2833 neminem
451 2749 599 2831 praeterea
626 2749 800 2821 Atticorum
833 2748 897 2812 haee
924 2749 1009 2815 verbi
1036 2749 1222 2842 ἐοίκοιριαὶ,

159 2860 352 2939 περίκειμαι
375 2854 561 2919 oonstruotio
591 2855 775 2937 reperiatur,
810 2872 903 2936 quam
934 2857 1003 2937 post
1029 2855 1222 2922 Herodotum

158 2961 340 3026 resentiores
377 2960 449 3026 inde
488 2980 506 3025 a
537 2959 682 3044 Dionysio
713 2961 980 3027 Halicarnassensi
1016 2950 1221 3046 deprendunt,

158 3068 300 3143 adduoor,
324 3069 359 3130 ut
381 3066 504 3133 credam
522 3064 698 3147 Euripidem
721 3066 896 3151 scripsisse:

580 3166 1019 3265 κιῖινιρκειμέναςκιῖρᾳ

357 3282 476 3350 κυνέας
499 3303 526 3344 κ.
551 3304 577 3342 τ.
602 3280 629 3343 λ.
669 3262 671 3269 ‚

157 3387 214 3450 Est
235 3386 338 3468 aliqua
358 3385 451 3450 etiarn
471 3385 503 3449 in
526 3376 610 3473 κάρᾳ
625 3384 762 3461 offensio,
785 3383 838 3448 sed
861 3378 957 3447 multo
978 3382 1076 3448 lenior
1098 3386 1130 3450 et
1152 3405 1218 3469 quae

157 3511 196 3556 ne
218 3492 249 3555 in
274 3495 378 3556 nostro
401 3491 524 3574 quidem
546 3509 683 3555 sermone
710 3490 987 3570 animadvertatur,
1015 3507 1086 3554 oum
1107 3510 1156 3555 res
1179 3491 1218 3556 ad

157 3600 277 3679 partem
299 3597 432 3679 eorporis
454 3586 643 3679 pertinentes
665 3597 805 3662 universe
826 3595 1031 3660 nominamus.

257 3703 323 3767 Ibd.
346 3703 406 3764 748
430 3723 488 3786 sq.:

290 3802 407 3881 πόλεις
428 3803 468 3884 τ’,
494 3817 627 3895 α”χουοαι
653 3803 707 3872 διαὶ
730 3800 834 3893 λόγον
854 3798 989 3889 κάμψαι
1013 3801 1111 3882 κακοὶ,
1151 3894 1156 3905 1

292 3905 382 3999 φόνῳ
406 3907 636 3999 καθαιρεῖσθ’,
660 3909 701 3980 ου’
724 3904 811 3998 λόγῳ
832 3906 874 3976 ad
898 3906 1094 3999 πράγματα.

158 4016 237 4100 Quid
260 4019 302 4084 sit
324 4017 416 4106 φόνῳ
442 4030 689 4108 καθαιρεῖσθαι
716 4013 919 4106 πράγματα,
949 4021 1072 4087 omnino
1102 4022 1214 4095 nescio,
