2580 4530
552 245 613 302 cre.
631 248 653 303 1.
1054 250 1094 311 47

35 444 168 509 nteriora
188 444 379 510 aberrante
395 439 649 527 praetermissum
663 445 772 526 postea
793 446 848 510 aut
868 446 907 511 ab
930 445 996 528 ipso
1018 446 1136 523 stetim,

38 549 248 615 animadverso
271 568 415 626 errore,
445 550 513 614 loco
534 566 594 612 non
615 567 670 615 suo
692 549 862 629 insecta„
874 553 927 617 aut
946 551 978 617 in
997 551 1137 632 margine

41 656 96 721 dec
116 656 158 721 ab
179 656 255 739 ipso
280 656 357 721 sire
384 657 430 721 ab
453 654 515 720 alio
536 655 716 721 mucetum
739 654 846 721 deinde
864 656 904 721 ab
925 658 986 723 alio
1000 658 1071 725 nori
1084 677 1137 724 ex·

43 762 129 846 empli
139 761 281 827 librario
296 760 336 824 in
354 761 510 827 contextu
522 758 706 827 alienoloeo
721 761 854 843 ponitur,
873 762 1028 829 interdum
1042 763 1138 831 etiam

46 868 173 952 plurium
195 885 362 933 versunm
384 865 559 932 sententiae.
601 865 761 931 Interdum
783 867 885 933 scriba
910 887 970 932 uno
993 869 1136 951 paucisve

49 974 141 1040 rotie
163 993 204 1039 ex
226 973 390 1039 inferiore
411 972 482 1037 loco
507 972 668 1055 praeceptis
691 970 774 1037 redit
796 973 836 1037 ad
855 974 983 1057 reetnm·
998 973 1137 1041 ordinem

50 1100 149 1164 eeqnc,
174 1099 252 1162 qnae
276 1078 478 1162 praeceperat
498 1095 565 1154 nec,
589 1095 626 1141 ne
638 1076 731 1153 nitori
745 1077 877 1160 exempli
899 1080 1031 1156 noceret,
1054 1074 1139 1145 dela

53 1189 149 1263 reat,
181 1185 313 1251 iterum
344 1203 402 1249 suo
433 1184 499 1249 loco
523 1181 644 1259 scribit;
676 1182 775 1248 rarius
803 1182 900 1247 etiam
924 1204 961 1249 ex
982 1185 1136 1267 superiore

53 1294 113 1357 loco
132 1293 281 1359 verbnm
305 1290 443 1355 verbere
472 1288 560 1353 oculo
584 1288 686 1353 oblata
706 1288 819 1353 iterum
848 1289 953 1372 ponit,
983 1291 1036 1374 qni
1056 1309 1138 1355 error

55 1418 109 1465 non
127 1398 230 1465 facile
253 1393 389 1477 felliv).
438 1392 601 1463 Aberretio
626 1394 731 1459 autem
752 1393 807 1459 illa
835 1395 875 1461 ed
895 1396 1067 1478 posteriora
1087 1395 1137 1460 in·

55 1504 176 1569 terrm
202 1503 254 1568 ita
277 1501 395 1579 fiebat,
417 1502 463 1577 ut,
485 1517 575 1576 cum,
595 1497 684 1591 finita
703 1485 818 1583 pagina
834 1502 893 1567 aut
914 1503 1074 1578 columna,
1096 1500 1138 1567 ad
1206 1518 1213 1536 -’

58 1629 163 1675 nomm
193 1607 432 1673 hansenndum
461 1604 561 1682 esset,
593 1603 674 1669 oculi
705 1605 811 1670 scribae
843 1607 1001 1673 oscitantis
1023 1606 1138 1672 nonin

59 1717 248 1798 proximam,
281 1711 340 1777 sed
361 1711 396 1775 in
417 1711 656 1793 subsequentem
677 1709 867 1790 inciderent3
893 1713 998 1797 itaque
1025 1732 1061 1777 ex
1088 1710 1137 1777 his

60 1821 213 1887 erroribus
243 1817 348 1885 etiam
375 1816 414 1881 de
440 1815 543 1881 torma
569 1815 719 1894 codicum,
747 1836 784 1882 ex
813 1819 923 1901 quibus
937 1804 939 1809 ’
952 1818 1051 1884 nostri
1079 1816 1139 1883 orti

62 1930 143 2004 sont,
175 1924 365 1991 coniectura
393 1922 526 1987 ducitur.
581 1921 641 1987 Sed
674 1941 710 1987 ee
740 1922 791 1989 hio
820 1923 1024 2007 persequendi
1052 1923 1138 1987 locus

63 2052 116 2097 eon
128 2035 192 2099 est
226 2029 464 2111 Praeceptornm
480 2047 517 2093 ex
537 2025 677 2094 inferiore
697 2029 765 2095 loco
785 2031 948 2095 verborum
964 2029 1139 2110 exemplum

64 2140 193 2221 prebeat
204 2135 412 2211 Plutarchus,
434 2132 517 2216 apud
538 2134 893 2216 queminlllarioc.15
914 2135 947 2217 in
968 2135 1033 2200 his:
1062 2127 1138 2219 Τήτ

65 2238 272 2329 διιομιδήν
296 2227 434 2306 adsiliet
458 2238 504 2325 τῷ
529 2233 755 2324 στρατεύματι
779 2239 919 2326 μακράν
947 2224 1002 2307 ταὶ
1030 2241 1139 2307 πολυ-

66 2354 135 2437 τελῆ
157 2346 344 2435 πρότερον
366 2338 476 2414 οὖσαν
498 2345 584 2429 πρὸς
605 2341 671 2429 τήν
693 2339 876 2414 θάλασσαν
898 2343 1002 2421 αὐτὸς
1025 2339 1139 2433 εἰργά-

68 2486 136 2525 snro
172 2458 309 2543 ῥᾳδίαν
349 2455 406 2519 καὶ
447 2465 586 2538 ταχεῖαν
623 2452 696 2536 quid
727 2455 902 2538 significent
927 2456 1022 2521 verba
1053 2447 1140 2537 πρός

69 2591 121 2648 ter
138 2561 350 2638 θάλασσαν,
372 2578 463 2624 nemo
479 2559 618 2642 quamvis
639 2560 801 2624 enarrandi
814 2561 923 2626 artifex
938 2561 1140 2626 tolerabiliter

70 2672 216 2754 expediet3
241 2665 457 2750 nequeenim
480 2665 579 2748 agitur
606 2663 755 2729 derebus
778 2664 920 2731 edmero
936 2665 1141 2749 deportandis,

71 2777 112 2841 ec
129 2778 169 2842 de
192 2777 298 2841 rebus
320 2772 403 2837 meri
423 2770 560 2837 advectis
579 2770 743 2836 interram
759 2772 957 2853 exponendis,
975 2774 1012 2837 ut
1032 2770 1142 2836 deinde

71 2883 194 2949 errestri
240 2879 362 2944 itinere
398 2878 521 2962 longius
556 2878 724 2961 portentur.
779 2876 839 2941 Sed
867 2879 928 2942 tria
955 2879 1011 2942 illa
1038 2877 1141 2953 verbe,

70 2990 164 3069 entus
182 2985 309 3052 deletis
333 2984 439 3049 omnia
461 2981 633 3047 rectissima
655 2983 737 3059 sunt,
759 2983 819 3049 huo
841 3003 876 3048 ex
896 2983 1038 3049 inferiore
1062 2982 1143 3047 eius-

72 3092 124 3159 lmr
146 3093 270 3177 capitis
297 3089 367 3154 loco
388 3088 542 3152 translate
565 3088 646 3165 sunt,
668 3087 722 3152 ubi
744 3091 814 3170 epte
834 3091 991 3170 ponuntur
1005 3088 1042 3151 de
1063 3087 1144 3150 fossa

71 3216 96 3261 ‘r
114 3199 277 3265 Rhodano
314 3194 349 3258 in
381 3193 477 3258 alium
509 3193 623 3259 littoris
656 3193 758 3258 locum
787 3194 878 3260 dueta
914 3198 945 3260 et
971 3196 1063 3258 λεῑοτ
1089 3191 1143 3254 καὶ

93 3511 110 3577 ¹1
125 3511 245 3567 Fefellit
266 3512 366 3562 temen
385 3505 522 3559 hominem
540 3519 660 3580 errorum¹
671 3505 737 3557 satis
755 3505 904 3575 patientem
923 3502 1102 3557 Sintenisinm
1118 3503 1148 3557 in

22 3606 25 3673 ξ
125 3601 281 3660 Plutarchi
313 3599 381 3652 vitis
407 3597 520 3666 sepius,
541 3596 620 3650 utin
639 3596 774 3666 Pelopida
794 3594 891 3652 vite'c.
914 3600 947 3652 16
967 3594 1008 3663 (ἐκ
1027 3599 1148 3669 μεταβο-

125 3702 202 3766 λῆς),
239 3695 272 3748 in
303 3691 409 3747 Cleom.
427 3707 451 3745 c.
478 3691 514 3746 25
538 3685 586 3756 (ὥς
604 3694 698 3759 φησι);
722 3690 821 3744 fefellit
851 3682 933 3743 etiam
961 3687 1090 3744 Haesium
1120 3692 1149 3745 in

126 3791 240 3844 Senecae
266 3785 304 3840 de
333 3781 426 3837 benef.
457 3780 530 3845 VII,
558 3784 606 3845 14,
631 3786 662 3844 2,
686 3781 734 3835 ubi
762 3784 833 3836 recte
864 3781 1013 3850 superiores
1040 3783 1149 3850 (cuins

127 3878 292 3936 faciendi
325 3875 538 3930 occasionem
577 3892 642 3930 non
676 3867 809 3936 habuit,
844 3872 931 3928 deleto
959 3891 1022 3929 non
1053 3878 1150 3938 csee);

130 3975 188 4044 ipse
210 3976 289 4028 recte
308 3986 372 4024 cum
398 3967 497 4023 ceteris
514 3982 536 4020 c.
556 3970 643 4031 15‚3
673 3964 817 4022 delendum
848 3964 1011 4034 significavit
1034 3966 1149 4026 debes,

131 4066 226 4121 dem
245 4063 331 4119 modo
351 4065 454 4117 ortum.
