2580 4530
168 276 228 340 698
595 273 657 332 Lib.
674 273 708 330 V.

120 501 243 563 φονον.
299 474 437 555 (Sublato
474 473 539 549 ναί,
584 474 621 537 ut
653 475 734 538 esset
765 467 817 560 μή
850 473 939 558 μίαν
972 473 1063 559 μηδὲ
1097 467 1175 558 σάμ-

121 608 244 670 φανοιι,
266 582 297 646 in
320 581 378 646 duo
400 579 628 656 dissolveretur,
651 579 731 662 quod
755 599 851 644 unum
875 599 943 646 esse
964 576 1081 659 debet.)

220 685 287 754 Ibd.
312 688 368 751 31:
405 681 535 771 άπορά,
557 681 719 785 οὕστινας
740 687 795 752 uui
818 683 920 775 εὕρῃς
942 691 1066 754 εἰπεῖν.
1108 685 1177 752 Gon·

117 778 270 860 iunetirns
305 794 378 859 ferri
408 793 529 877 nequit¹
549 798 659 875 (neque
698 795 780 857 enim
814 792 966 858 deliberat
1003 793 1177 878 Tyehiedes,

120 899 193 983 qnid
220 899 305 965 Simo
333 899 437 966 tecue
452 898 610 976 'debeot);
648 898 769 963 rentum
798 890 886 964 esset
906 900 962 979 not
998 893 1044 965 οἳιι
1077 896 1179 984 εὕροις

120 999 327 1089 (οοιιοῖροις
348 1006 414 1070 sine
443 1001 517 1083 ἄν),
546 1004 611 1069 uisi
640 1006 742 1086 ipsum
764 998 905 1088 οιλρίοιια
928 1008 1043 1071 εἰπεῖν
1066 1007 1179 1074 dubito·

119 1115 235 1179 tionem
255 1112 393 1177 haberet.
436 1112 565 1176 Fuitne:
588 1111 643 1174 καὶ
668 1115 772 1186 ἕξοις
794 1115 927 1177 otnero?

218 1218 285 1284 Ibd.
313 1218 371 1282 37:
410 1211 618 1299 Φιλοσόφοος
653 1220 718 1298 μὲν
750 1209 825 1293 οὖν,
855 1213 968 1303 ὥσπερ
991 1208 1051 1302 ἤν,
1075 1245 1179 1302 παρα-

121 1324 209 1410 οιτίᾳ
232 1319 491 1396 σπουδάσαντας
514 1323 632 1398 ἔδειξα.
675 1324 762 1389 Nihil
784 1326 832 1389 est
854 1319 966 1408 ὥσπερ
988 1315 1044 1408 ἦν.
1092 1323 1180 1390 Sorib.

119 1432 241 1514 opinor:
264 1427 327 1505 οἷς
346 1432 502 1516 παρῆν,
524 1430 633 1515 quitur
655 1429 749 1491 λιόιιὶι.
803 1431 863 1508 (De
885 1451 911 1498 ο.
933 1430 974 1492 39
998 1431 1118 1497 dietum
1139 1432 1182 1497 eet

118 1558 148 1621 n·
172 1538 236 1617 uo.)
288 1534 290 1542 '

217 1644 284 1708 Ibd.
307 1645 347 1704 42
369 1642 461 1707 scribi
483 1641 587 1706 debet:
610 1634 654 1714 oie
676 1643 710 1706 εἴ
727 1667 766 1728 yn
789 1644 844 1707 ιιαλ
859 1637 963 1715 άλλος
979 1667 1032 1717 τις
1056 1638 1178 1728 Ἀθη-

119 1749 262 1821 ναίοις
295 1749 364 1833 (pro
392 1741 595 1832 Ἀθηναῖος)
624 1745 708 1812 κατά
738 1741 848 1814 ταάτά
883 1751 1043 1835 ἐπολέμει
1067 1750 1180 1829 (eodem

119 1854 220 1932 modo,
241 1872 299 1938 qno
321 1853 509 1937 Philippus),
532 1845 687 1926 αᾰκοῑνος
708 1847 752 1920 ἂν
775 1856 845 1938 (pro
869 1859 915 1934 ἐν,
937 1857 974 1920 ut
994 1856 1061 1921 iem
1084 1858 1181 1943 (λομ-

118 1965 181 2040 tus)
207 1953 322 2033 αὐτοῖς
344 1950 387 2045 ἦν
416 1960 520 2044 φίλος.
575 1959 635 2025 Sed
667 1981 735 2045 queo
767 1961 946 2043 pr'aeoedunt
978 1961 1019 2026 de
1040 1963 1182 2042 Isocrate,

120 2071 203 2134 oerta
224 2067 340 2132 ratione
364 2066 527 2131 emendare
548 2084 674 2150 nequeo.

185 2184 188 2195 ’
218 2173 286 2239 Ibd.
309 2176 364 2237 44:
398 2167 476 2236 οάτσ
507 2165 569 2237 τάν
597 2166 770 2258 Ἀχιλλέα,
801 2169 907 2255 ὅσπερ
931 2167 1041 2240 ἐδόκει
1069 2199 1108 2240 το
1130 2174 1180 2239 unt

116 2267 161 2360 ἦν
183 2274 221 2342 τά
251 2278 346 2360 οάμα
377 2271 620 2364 γενναιότατος
642 2280 696 2344 κοιλ
721 2271 943 2352 δικαιότατος.
988 2279 1107 2345 Serio:
1129 2281 1177 2345 ιιολ

116 2375 439 2466 οἷνδρικιάτατσς.
502 2382 689 2460 (Dindorfius
732 2387 786 2463 καὶ
824 2378 990 2463 δικαιόπ,
1035 2387 1178 2468 quodie

116 2489 180 2553 eod.
209 2489 304 2552 Mare.
333 2490 393 2550 436
422 2489 524 2562 deest,
559 2489 708 2573 sustulit.)
751 2490 831 2556 Tum
872 2511 897 2557 o.
931 2491 990 2554 46:
1028 2489 1094 2577 ἐγώ
1117 2488 1178 2579 γάρ

116 2587 188 2661 οὐδ’
215 2587 322 2659 αὐτοῦ
343 2620 402 2677 μοι
427 2596 512 2659 δοκῶ
535 2596 597 2660 τοῦ
629 2588 806 2681 Ἀχιλλέως
836 2597 1086 2681 τεκμαίρεσθαι
1111 2614 1178 2672 τοῖς

116 2709 225 2786 ἔργοις
247 2693 346 2766 αὐτά
355 2726 374 2763 ν
396 2700 595 2777 (Patroclum,
619 2720 675 2784 pro
697 2693 817 2781 αὐτοῦ)
841 2702 936 2789 χείρω
961 2702 1061 2768 εἶναι.

214 2807 279 2871 Ibd.
301 2808 360 2870 49:
392 2801 553 2891 καθάπερ
580 2809 632 2872 καλ
662 2800 893 2882 δ”Οιλοοσεάς
912 2802 1016 2884 deren
1050 2803 1093 2875 οὐ
1114 2807 1176 2898 γάρ

114 2906 186 2978 αλλ’
218 2908 259 2977 ὃν
281 2918 317 2977 ἐν
339 2914 475 2998 πολέμῳ
498 2907 672 2998 μάχεσθαι’
696 2939 798 2998 φησιν
819 2906 963 2979 ἑστιάσει
986 2916 1041 2980 καλ
1066 2912 1173 2988 στ’θάς

113 3017 185 3105 άμα
215 3028 255 3107 ἕῳ
286 3011 459 3104 μάχεσθαι
493 3021 571 3101 iiior.
616 3021 660 3084 Ex
691 3024 833 3102 corrupto
855 3021 908 3085 illo
934 3014 1098 3099 ἑστιάσει,
1123 3021 1174 3086 ed·

112 3127 191 3192 suite
212 3126 348 3191 extreme
368 3126 472 3191 littero
503 3126 590 3190 verbi
611 3126 723 3209 φησίν,
758 3125 892 3192 officitur
915 3120 1107 3211 νήστιας,
1130 3131 1174 3204 εἰ,

112 3252 204 3316 quam
243 3250 347 3297 vooom
384 3231 536 3314 parasitus
574 3250 610 3295 ex
648 3232 778 3297 Achillis
809 3231 911 3297 verbis
947 3231 1051 3316 (Iliad.
1082 3231 1173 3306 XIX,

111 3340 189 3419 207)
214 3338 318 3403 sumit.
369 3337 429 3401 Sed
465 3337 523 3401 hoe
553 3337 678 3401 invento
712 3337 818 3402 tomen
846 3337 1094 3405 emendationem
1123 3341 1174 3404 eb·

110 3446 230 3510 solvere
250 3462 381 3527 nequeo,
413 3442 473 3507 nisi
494 3442 575 3524 quod
596 3443 694 3525 priore
716 3443 782 3507 loeo
806 3434 982 3529 μάχεσθαι
1004 3445 1172 3510 tollendum

109 3549 197 3615 video
235 3551 266 3614 et
298 3549 330 3613 in
367 3542 438 3613 αλλ’
472 3543 514 3612 ὃν
535 3546 632 3611 rideri
654 3548 780 3612 subesse
811 3547 999 3614 infinitivum
1021 3551 1075 3624 (ed
1097 3552 1171 3615 hane

109 3654 255 3720 formam:
277 3647 319 3720 ον’
349 3648 413 3739 γάρ
436 3647 586 3738 άντὲχοιν
615 3656 653 3716 ἐν
674 3655 812 3738 πολέμῳ
844 3657 925 3739 φηολ
948 3649 1104 3741 νήστιας,
1143 3659 1173 3722 ελ

111 3761 166 3824 καλ
190 3785 218 3825 ιι.
241 3786 269 3825 τ.
294 3761 348 3839 λ).

210 3865 387 3932 AnathaPS.
410 3884 435 3931 ο.
460 3864 514 3928 ll:
537 3859 614 3935 οὐδὲ
625 3860 689 3951 γάρ
702 3857 853 3949 δύναμαι
876 3868 1097 3952 κατανοῆσαι,
1121 3865 1170 3934 ὅτι

109 3970 211 4038 τοῦτο
233 3965 383 4057 τερπνὸν
411 3963 540 4045 uineis,
567 3964 650 4055 ὁρᾶν
678 3972 886 4055 παιομένους
913 4018 922 4036 .
952 4019 960 4035 .
992 4022 1000 4038 .
1029 3967 1171 4060 α’νθρά·
