2580 4530
600 278 662 336 m.
679 283 702 333 1.
1083 281 1141 367 prr

112 473 285 564 ὀμμάτων
306 473 329 564 ἡ
351 451 542 564 inamoenus
561 471 671 557 uoles*
691 471 847 564 οἳλμνρόν
858 485 944 548 ἔοικε
960 482 1184 567 θαυμασίως·

111 580 198 650 ὥστε
231 584 342 669 μηδὲν
375 580 466 652 οὕτω
498 584 584 671 μηδὲ
617 579 744 670 μικρόν
774 579 911 674 μεγάλῳ
945 583 1011 674 τήν
1042 584 1185 676 μορφήν

109 685 238 774 ὅμοιον
257 693 449 777 γεγονέναι.
500 691 541 756 ut
568 691 673 756 tamen
700 691 764 756 iam
784 692 942 777 Xylander
964 693 1011 768 (in
1031 695 1183 778 interpre-

110 797 229 862 tatione
250 797 376 876 Latina)
397 797 553 864 intellexit
569 814 641 862 oum
664 798 749 863 asino
771 799 941 880 oomparari
954 800 1101 882 leporem,
1122 801 1183 868 nisi

108 901 193 985 quod
215 901 286 967 odio
307 903 421 968 Iudaeis
442 903 566 968 asinum
587 902 684 969 111000
705 903 766 969 diei
786 905 923 988 putavit;
953 925 1026 971 nam
1048 909 1080 972 et
1098 925 1181 985 oom-

109 1008 215 1073 munis
239 1008 437 1092 antiquorum
458 1009 561 1091 opinio
582 1009 643 1075 fuit
663 1010 736 1090 (vid.
755 1011 853 1077 Tacit.
875 1011 948 1077 hist.
976 1011 1013 1086 V,
1035 1012 1056 1072 4
1073 1015 1110 1098 Ι01
1131 1013 1184 1095 qui

109 1113 154 1178 ibi
183 1115 352 1194 citantur),
382 1115 416 1179 in
443 1116 557 1181 honore
589 1116 671 1199 apud
692 1116 813 1182 Iudaeos
840 1134 908 1181 esse
932 1115 1062 1192 asinum,
1093 1120 1125 1183 et
1150 1118 1183 1183 id

110 1219 195 1303 opud
224 1219 329 1304 ipsum
355 1221 561 1287 Plutarchum
590 1222 695 1306 paucis
724 1221 864 1289 uersibus
895 1225 965 1287 ante
992 1223 1184 1307 significatur

107 1332 147 1403 (e.
171 1327 204 1406 2,
226 1326 295 1405 10);
316 1327 413 1393 verba
435 1329 540 1393 autem
561 1328 722 1394 scribenda
743 1327 788 1394 sio
809 1329 895 1393 sunt:
918 1321 1099 1415 ἀπέχονται
1125 1325 1181 1396 101

108 1427 177 1517 τήν
194 1427 285 1517 πρὸς
307 1427 346 1499 ro*
372 1427 694 1519 urauuevouriuu'
717 1429 1032 1517 advesperante
1055 1437 1183 1523 θηρίον

108 1541 363 1623 ἐμφέρειαν,
385 1534 460 1606 τόν
482 1536 590 1607 ὄνον.
625 1535 672 1607 ‘0
691 1535 757 1627 γάρ
776 1535 887 1627 λαγώς
905 1542 1080 1628 μεγέθους
1095 1550 1182 1610 ἔοικε

109 1647 172 1711 καὶ·
201 1643 358 1733 weilnere
386 1644 535 1732 ἐνδεής
563 1645 659 1722 ὄνος
686 1648 798 1714 εἶναι
828 1648 943 1724 (asinus
969 1649 1182 1733 magnitudine

108 1755 140 1818 et
160 1753 251 1819 mole
262 1753 396 1836 eorporis
414 1757 547 1836 oarensl·
571 1755 624 1821 καὶ
647 1749 713 1841 γάρ
735 1748 759 1840 ἡ
771 1741 876 1840 'xpum
889 1803 897 1820 .
910 1802 918 1818 .
931 1756 1004 1820 ,καὶ
1026 1749 1182 1840 aeropa—
1277 1800 1280 1805 -

107 1851 235 1943 μάτων
256 1854 280 1944 ἡ
300 1852 490 1946 λιπαρότης
522 1865 575 1929 καὶ
607 1856 646 1929 τὸ
679 1855 897 1949 γλαμυρόν
924 1866 1011 1925 ἔοικε
1039 1868 1182 1944 θαυμα-

109 1965 213 2039 σίως·
246 1961 334 2032 ὥστε
362 1967 475 2053 μηδὲν
502 1963 591 2035 οὕτω
619 1962 745 2054 μικρὸν
780 1959 916 2053 μεγάλῳ
947 1960 1011 2051 τήν
1041 1963 1182 2052 μορφήν

109 2067 238 2154 ὅμοιον
274 2076 453 2160 γεγονέναι
485 2075 736 2160 (0111000οη111
771 2075 807 2139 111
843 2073 921 2155 nihil
956 2072 1016 2147 ita,
1050 2091 1180 2154 parvum

109 2198 236 2264 magno,
260 2180 363 2245 simile
386 2181 449 2253 sit).
499 2179 611 2269 Contra
638 2180 891 2271 apudJSeneeam
913 2180 1033 2262 quaestt.
1054 2181 1117 2243 nat.
1140 2180 1177 2258 V,

109 2286 158 2361 10,
181 2286 240 2350 ubi
260 2286 423 2368 exponitur
444 2304 548 2351 eorum
570 2288 607 2352 de
634 2289 800 2354 etesiarum
827 2305 920 2351 oausa
940 2285 1102 2359 sententia,
1126 2285 1178 2368 qui

107 2392 264 2474 putabant
274 2391 342 2456 ideo
354 2392 427 2457 inde
440 2410 458 2455 a
469 2392 599 2457 solstitio
611 2393 695 2470 flare,
717 2391 797 2476 quod
809 2392 871 2456 sole
884 2391 923 2455 ad
938 2391 1177 2473 septentrionem

106 2497 376 2581 appropinquante
391 2497 478 2563 niues
493 2500 524 2562 01
535 2500 660 2564 terrain
671 2500 827 2580 haoparte
840 2497 947 2561 mundi
968 2496 1037 2578 plus
1060 2497 1179 2561 humidi

107 2605 308 2677 exhalarent,
338 2605 373 2667 ut
402 2604 491 2685 plura
518 2585 561 2668 ex¹
583 2603 815 2687 septentrionali
842 2604 929 2685 parte
959 2603 1027 2666 ooeli
1055 2622 1180 2686 eorpora

107 2709 232 2772 exirent
264 2710 297 2771 et
316 2707 347 2771 in
369 2708 439 2772 looa
460 2709 609 2792 tepidiore
641 2710 836 2792 (meridiana)
865 2709 1072 2782 deferrentur,
1110 2711 1180 2792 post

108 2815 270 2881 Caniculae
294 2816 395 2878 ortum
416 2813 565 2893 desinere,
587 2815 665 2898 quod
687 2816 734 2880 vis
753 2816 808 2880 illa
829 2815 903 2880 solis
925 2815 988 2878 iam
1006 2813 1177 2890 defecisset,

108 2928 124 3003 g
142 2920 248 2984 411000
261 2919 362 2993 verba,
386 2940 452 3003 quae
475 2922 664 2986 adulteram
686 2922 849 2987 sententiae
868 2922 989 3004 partem
1010 2922 1178 3005 pertinent:

108 3048 150 3093 oo
188 3026 251 3092 sol
280 3027 429 3099 mutato
459 3046 572 3092 oursu
606 3028 644 3092 in
682 3029 818 3093 nostra
851 3025 998 3092 rectior
1034 3026 1178 3098 tendit,

109 3133 274 3196 externam
304 3131 419 3196 habent
447 3134 590 3198 sanitatis
620 3135 770 3215 speeiem,
799 3133 923 3224 propius
951 3132 1090 3215 inspecta
1119 3150 1178 3195 non

109 3241 216 3304 solum
228 3238 261 3301 in
276 3239 484 3320 comparativo
508 3240 678 3318 (rectior)
701 3243 732 3305 et
753 3241 784 3304 in
806 3242 872 3304 tota
886 3240 943 3303 hoo
956 3237 1179 3321 significatione

110 3348 232 3411 reotae
254 3344 311 3408 viae
333 3349 410 3426 (quae
432 3363 451 3408 0
472 3345 535 3409 0010
557 3345 746 3411 alienissima
768 3348 827 3425 est)
855 3345 1083 3414 oonvinountur·‚
1116 3342 1178 3416 sed,

110 3451 195 3536 qnod
217 3453 312 3533 oaput
333 3450 393 3523 ost,
426 3451 587 3537 manifesto
610 3450 796 3517 contrariam
819 3453 862 3528 ei,
894 3450 974 3533 quod
996 3448 1056 3512 (liei
1078 3448 1178 3521 debet,

111 3558 303 3623 sententiam
336 3556 450 3621 habent
482 3560 512 3619 01
549 3575 652 3621 rerum
687 3557 803 3622 naturae
833 3555 1014 3639 repugnant.
1073 3553 1180 3634 Neque

111 3665 194 3729 enim
227 3664 275 3728 sol
303 3664 356 3727 aut
389 3661 460 3725 inde
491 3681 510 3726 a
537 3662 670 3728 solstitio
703 3664 757 3727 aut
785 3662 856 3727 inde
884 3680 903 3724 a
931 3660 1084 3725 Caniculae
1112 3663 1180 3725 ortu

112 3771 262 3832 mutato
296 3787 406 3832 oursu
432 3768 470 3831 in
496 3770 633 3833 nostra
657 3769 801 3843 tendit,
836 3767 900 3836 sed,
925 3784 995 3829 oum
1017 3785 1112 3849 usque
1141 3767 1181 3832 ad

113 3875 284 3941 solstitium
310 3874 350 3940 ad
378 3893 431 3939 nos
459 3874 727 3957 appropinquavit,
766 3874 851 3937 ouius
879 3871 1180 3954 appropinquationis

113 3981 245 4045 effectum
275 3980 411 4057 (illorum
438 3981 598 4046 hominum
624 3979 778 4062 opinione)
805 3978 941 4060 proxime
963 3977 1088 4041 demum
1110 3982 1181 4063 post
1256 4014 1260 4023 =

113 4088 288 4154 solstitium
301 4086 445 4164 sentitur,
468 4088 506 4152 ab
530 4105 565 4152 eo
586 4087 723 4167 tempore
744 4083 880 4148 1011001
893 4082 1055 4148 meridiem
1074 4103 1180 4151 versus
