2580 4530
527 257 586 316 Lib.
605 259 643 316 II.

159 453 181 542 ἢ
203 451 300 540 ζῶντ’
320 450 538 544 ἀτιμαστῆρα
559 459 625 532 τῶς
647 450 868 548 ἀνδρηλάτην.
964 450 988 533 ’,

158 565 251 654 φυγῇ
271 559 339 632 τόν
357 559 466 632 αὐτόν
488 557 587 631 τόνδε
609 564 772 648 τίσασθαι
795 559 935 651 τρόπον.
972 556 974 561 ’
1053 632 1055 639 ‚

156 671 210 738 Sic
241 671 325 737 enim
363 671 457 738 codex
488 671 646 737 Mediceus
677 673 710 738 in
743 672 796 738 illo
841 674 906 746 τῶς
943 672 1120 743 mendosus.

64 780 214 863 Apparet,
244 781 282 844 ut
313 779 346 843 in
375 799 405 845 r.
429 778 489 842 636
517 772 652 843 κτανών
674 773 801 844 θανεῖν
828 778 1059 864 coniunguntur,
1078 779 1122 845 sie

61 885 176 948 inest
205 884 369 969 participio
395 885 502 965 ζῶντα
533 883 626 949 aliem
660 904 765 951 vocem
801 886 984 967 respondere
1012 885 1122 950 debere
1195 946 1198 953 .

59 991 199 1067 (rivum
221 990 333 1056 vivus
355 990 470 1073 ipse);
494 1009 551 1056 neo
572 991 674 1055 minus
695 991 837 1075 apertum
858 991 906 1056 est
926 989 1008 1056 male
1031 994 1062 1057 et
1083 992 1122 1057 ed

57 1097 245 1163 sententium
282 1098 313 1161 et
345 1096 385 1161 ad
425 1096 571 1162 orationis
602 1096 733 1163 formam
767 1097 924 1162 Eteoclen
958 1098 1057 1163 solum
1091 1099 1124 1161 et

55 1197 276 1288 α’τιμαστὴρα
311 1202 460 1285 appellari
491 1205 523 1268 et
555 1195 789 1288 ἀνδρηλάτην,
822 1201 931 1287 quibus
963 1202 1122 1268 vocabulis

56 1310 105 1393 qui
127 1307 334 1392 comparandi
348 1308 532 1390 particulam
553 1311 751 1392 interponunt
773 1301 986 1396 (deepcocpp'p’
1008 1305 1124 1385 ὅπως),

56 1415 247 1482 sententiam
274 1414 444 1498 perimunt3
474 1416 680 1500 nequeenim
711 1416 868 1501 Polynices
886 1417 1055 1500 precatur,
1089 1416 1126 1479 ut

55 1526 245 1605 tanquam
281 1515 497 1610 α’τιμαστῆρα
532 1518 689 1587 Eteoclen
720 1522 900 1601 ulciscetur,
935 1522 992 1587 sed
1019 1523 1055 1587 ut
1074 1522 1122 1604 ip-

55 1648 122 1692 snm
153 1621 372 1714 α’τιμαστῆρα
403 1629 503 1694 s'uum.
550 1627 632 1692 Vera
658 1628 690 1692 et
720 1629 811 1693 scuta
836 1627 990 1692 sententia
1012 1627 1071 1692 erit
1093 1628 1127 1690 et

55 1737 138 1799 recte
167 1734 321 1816 superiori
341 1733 539 1816 respondebit
552 1734 700 1808 membro,
719 1732 746 1798 si
767 1733 811 1799 sie
833 1733 1003 1799 certissima
1015 1750 1122 1803 emon-

54 1834 182 1906 datione
231 1841 458 1925 scripserimuer
498 1833 519 1924 ἢ
558 1830 653 1918 ζῶντ’
694 1828 908 1924 οἷτιμαστῆρα
944 1837 1022 1927 coir
1057 1829 1126 1902 οἷν-

56 1938 273 2031 όρηλότης
309 1945 402 2034 φυγῇ
429 1938 491 2009 τόν
526 1938 634 2012 αὐτόν
663 1937 762 2012 τόνδε
789 1945 953 2011 τίσασθαι
984 1934 1126 2024 τρόπον.

55 2053 131 2117 Vivo
155 2051 336 2138 ignominiae
357 2049 475 2116 auctori
500 2071 533 2117 se
559 2053 664 2118 vivum
693 2051 774 2117 exilii
804 2052 835 2117 et
855 2049 1031 2135 ignominiae
1053 2067 1127 2113 airc-

57 2162 157 2223 torem
186 2157 253 2223 fore
280 2150 443 2241 Polynices
474 2159 566 2240 cupit.
616 2159 657 2224 Et
684 2159 923 2241 conscriptum
952 2155 1070 2239 reperio
1092 2155 1123 2219 in

57 2263 150 2327 tertia
179 2261 332 2328 Dindorfii
353 2264 484 2330 editione
507 2263 602 2346 (Lips.
626 2265 729 2343 1857),
757 2264 822 2330 sive
843 2263 938 2347 ipsius
960 2262 1025 2326 sive
1047 2260 1125 2325 alius

60 2387 93 2432 ea
114 2368 297 2434 emendatio
320 2371 382 2446 est;
407 2370 460 2434 sed
481 2370 579 2435 teneri
597 2370 711 2435 veritas
733 2389 792 2435 non
820 2368 920 2451 potuit
945 2367 1067 2432 tantum
1091 2385 1127 2430 en

60 2474 189 2540 dimidia
210 2477 299 2556 perte
321 2475 453 2558 cognita.
993 2499 996 2504 ·

158 2579 337 2644 Ibd.1047
359 2581 486 2644 fortasse
508 2581 600 2645 scribi
622 2581 729 2646 debet:
756 2576 866 2663 ''Hrdp
897 2573 939 2644 τα“
969 2571 1060 2644 τοῦδ’
1076 2569 1127 2642 ὅτ’

63 2680 116 2751 ode
138 2679 285 2770 ἅτι’μητ’
312 2677 358 2769 ἦν
389 2693 502 2759 deols:
532 2688 662 2761 Noram,
694 2706 764 2751 cum
792 2687 883 2751 huius
919 2704 968 2750 res
991 2685 1039 2749 dis
1067 2703 1127 2749 non

64 2794 165 2858 inrisae
190 2810 253 2856 nec
274 2794 456 2875 contemptae
477 2795 571 2858 erant.
613 2793 694 2875 Apte
715 2792 878 2875 respondet
898 2810 1015 2874 praeco:
1058 2790 1127 2873 Non

66 2905 143 2967 lsune
184 2897 294 2962 iuvisse
326 2899 478 2982 fuerunt),
519 2898 696 2981 priusquam
735 2898 813 2962 hanc
851 2900 965 2963 terram
994 2895 1128 2981 periculo

67 3004 184 3070 obiecit.
234 3003 276 3066 Et
298 3003 336 3068 de
357 3000 423 3093 ᾔδη
444 3005 536 3070 verbo
556 3023 641 3088 poene
663 3003 789 3068 confido.

158 3109 255 3175 Perel.
273 3109 351 3173 112:
374 3110 512 3177 πίσυνοι
533 3105 758 3194 λεπτοδόμοις
773 3108 935 3193 πείσμασι
948 3097 1130 3188 λαοπόροις

69 3241 96 3280 τε
119 3227 311 3302 μαχαναῖς.
365 3215 425 3295 Qui
456 3217 519 3282 sint
544 3216 688 3281 rudentes
724 3207 931 3298 λεπτόδσμοι
968 3214 1022 3276 aut
1053 3230 1128 3293 quo-

70 3322 168 3400 modo,
205 3321 348 3404 quamuis
376 3341 437 3387 non
464 3341 532 3387 raro
554 3322 634 3404 apud
659 3323 795 3406 tragicos
822 3319 999 3385 obscuretur
1031 3317 1130 3380 altene

71 3446 129 3507 pars
161 3427 313 3492 adiectivi
346 3425 521 3510 compositi,
549 3426 731 3492 vocabulum
762 3445 780 3491 a
809 3419 913 3508 δόμος
946 3422 1053 3488 fictum
1089 3420 1129 3483 ad

72 3534 208 3600 rudentes
232 3534 460 3599 accommodari
480 3531 586 3615 possit,
611 3550 734 3614 prorsus
755 3552 817 3598 non
840 3529 998 3612 intellego;
1029 3527 1129 3590 λεπ-
1170 3541 1173 3547 ·

74 3635 211 3707 ιὸτονα
236 3638 414 3722 πείσματα
437 3657 504 3722 quoe
524 3639 636 3715 essent,
657 3637 886 3721 intellegerem,
909 3634 1003 3698 etiam
1027 3634 1129 3696 λεπ-

75 3739 238 3833 ιότομα,
262 3765 280 3812 ο
304 3745 387 3811 corio
407 3744 489 3810 facte
511 3748 543 3809 et
564 3743 717 3809 subtiliter
739 3743 829 3808 secta.

160 3853 229 3919 Ibd.
255 3851 318 3914 173
341 3869 445 3929 senes,
475 3849 623 3932 equibus
645 3849 752 3915 chorus
773 3845 909 3923 constat,
939 3841 1033 3907 seed
1057 3841 1129 3905 obe-

74 3955 209 4024 bendum
229 3958 263 4024 in
289 3957 445 4035 omnibus,
467 3975 534 4040 quoe
554 3955 681 4038 possint,
702 3953 858 4036 promptos
885 3948 1059 4033 significant
1080 3945 1129 4009 his

75 4065 181 4130 urbisz

886 4162 931 4213 ns·
