2580 4530
534 292 539 301 ·
580 271 640 329 Lib.
660 273 698 328 ΙΙ,
1070 267 1130 333 265

213 471 281 537 Ibd.
305 472 366 533 872
395 469 469 554 quid
489 470 683 554 proprietatis
708 471 740 535 in
767 471 836 535 laon
857 469 1009 552 significet
1031 462 1172 551 ἐνύδρου

122 579 290 664 appellatio,
313 588 436 660 prorsus
457 577 576 652 neseio;
599 577 703 660 iteque
725 577 837 641 serino:
981 594 984 598 “
1035 590 1060 600 ··

314 685 438 768 λίμνης
459 676 488 746 τ’
510 674 690 768 εὐύδρου
717 676 951 765 Τριτωνιάδος.

211 789 280 855 Ibd.
303 788 376 854 883.
426 789 533 854 Nimia
561 789 647 872 topia
669 785 820 874 ἄγραυλοι
845 792 963 871 κέρατα
986 785 1099 871 άψυχοι
1124 785 1172 849 di·

116 899 223 962 cuntur
244 913 345 979 neque
366 897 437 978 apte
459 898 579 978 ιἰέροιτο
602 897 675 979 lyrae
698 893 860 981 dypuota.
903 893 1117 960 Scribendum:

314 993 460 1085 κιθάρας
483 997 624 1077 ἐνοπάν,
645 997 698 1067 ἅτ’
719 999 928 1088 ἄγραυλος
1014 1017 1024 1033 ·

311 1101 531 1201 γκεράεσσιν
554 1114 590 1172 ἐν
611 1100 758 1192 α’ψάχοις
778 1101 864 1193 άχεῖ,
1168 1166 1171 1171 .

113 1215 255 1280 restituto
281 1215 378 1281 etiarn
398 1233 489 1279 versu
510 1213 717 1296 anapaesto..
740 1215 772 1277 in
792 1231 859 1296 quo·
871 1211 1031 1295 Euripides
1053 1211 1170 1293 epieam

112 1319 241 1386 formam
263 1339 325 1386 nou
347 1321 468 1405 refugit.
623 1311 625 1315 ⁴
791 1384 794 1390 ,

212 1424 282 1490 lbd.
308 1426 403 1491 1135:
529 1422 608 1491 οὔτε
628 1419 720 1508 τιράς
740 1429 846 1508 μέρος
866 1417 973 1508 βολάς
1047 1448 1050 1459 ·

267 1523 407 1606 αἰιτῑνας
430 1526 501 1598 οὔτ’
526 1523 571 1598 αὖ
592 1522 681 1617 erede
694 1516 916 1611 ἐιλ-ιυτάοοις-
928 1532 1015 1615 βίον.

111 1637 150 1701 Et
171 1658 226 1721 per
248 1657 283 1703 so
305 1658 366 1715 non
385 1642 467 1704 reete
488 1639 617 1705 diverse
633 1638 909 1725 Μαΐου-βολαί
930 1639 962 1703 et
982 1631 1117 1706 cineroso
1139 1638 1171 1701 et

109 1761 241 1824 pravum
262 1744 363 1810 loeum
385 1745 577 1810 mensativns
603 1737 860 1823 enimtenet,
881 1746 1028 1828 tanquam
1052 1742 1171 1824 pondus

109 1848 237 1933 aliquod
258 1851 290 1916 in
312 1852 365 1916 illo
384 1851 560 1917 discrimine
581 1851 633 1917 sit.
675 1850 770 1919 Beria
790 1851 885 1936 ip'tur
904 1849 1078 1915 Dindorfius
1100 1847 1171 1923 (etsi

109 1973 193 2020 nune
214 1956 282 2039 ipse
303 1956 427 2038 abierit)
449 1954 558 2041 βολάς
583 1951 721 2033 «ἰκτῖνος
751 1957 887 2040 τοοίροίλ;
914 1975 987 2021 nem
1013 1957 1045 2020 et
1076 1948 1171 2027 άιτλς

107 2057 242 2145 βάλλοι.
276 2062 338 2128 Sed
358 2065 549 2148 ineptissime
570 2065 634 2131 sive
657 2066 759 2148 βολαὶ
785 2065 849 2130 sive
871 2056 1009 2135 οἷιοῑνες
1030 2062 1172 2126 dicuntur

108 2172 277 2236 τελευτάν
297 2170 387 2256 βίον.
426 2171 555 2235 Videtur
575 2172 715 2237 subesse:
739 2163 810 2237 οὔτ’
831 2161 878 2236 αὖ
900 2165 985 2254 orpes
1007 2162 1171 2233 τελευτά-

108 2302 172 2343 ouc
199 2279 304 2343 λίαν.
605 2344 614 2358 Ι

212 2384 279 2450 Ibd.
303 2382 382 2445 1239
412 2376 622 2467 πορεύεσθαι
646 2378 714 2449 riseri
738 2386 881 2449 σκοτίων
900 2383 1017 2467 ριυχιόυ
1045 2371 1170 2466 χθονός

108 2489 188 2552 nihil
211 2507 288 2563 esse,
310 2487 398 2553 video
421 2491 514 2554 etiam
536 2491 743 2575 Hartnngium
766 2491 915 2566 seusisse;
938 2487 1148 2554 scribendum:

414 2591 542 2680 χθονός
563 2591 632 2661 siud
657 2589 832 2663 σκότιον
852 2590 984 2681 μυχόν

331 2703 503 2784 πορευθῶ.

212 2806 280 2871 Ibd.
305 2807 403 2870 1404:

249 2909 440 2996 Σφοίζοντις
462 2907 504 2977 οὐ
526 2909 654 3000 λήγοιτ’
676 2909 733 2979 άν·
758 2908 800 2987 τίς
823 2908 1012 2996 άνθὲξομοιι

248 3020 301 3083 ιιοιὶ
324 3020 420 3103 opeda
444 3023 497 3086 καὶ
522 3023 583 3086 σου
606 3022 673 3085 τάν
695 3046 731 3086 τε
755 3023 824 3086 οιάν
846 3024 1098 3106 κεκρυμμένων.

108 3124 217 3206 Inepte
240 3123 354 3190 Creusa
383 3145 441 3190 non
474 3127 624 3192 desituros
656 3127 840 3211 apparitores
864 3129 944 3192 Ionis
973 3146 1006 3191 se
1025 3128 1170 3190 mactare

108 3227 202 3303 dieit;
235 3247 331 3311 neque
353 3231 413 3296 alia
433 3232 585 3297 sententia
614 3251 650 3297 ex
677 3233 778 3298 verbis
808 3232 878 3298 elici
899 3234 1014 3315 potest;
1048 3233 1171 3314 aptissi-

107 3354 197 3399 mum
220 3337 343 3398 contre:

144 3434 339 3525 Σφάζοντες
361 3435 402 3507 οὐ
424 3435 618 3524 φθάνοιτ’
637 3440 696 3509 ἄν·
718 3437 762 3516 οἷς
784 3439 973 3528 άνθὲξομαι
997 3469 1025 3509 κ.
1049 3469 1079 3507 τ.
1100 3446 1127 3507 λ.

107 3547 168 3612 hoe
197 3548 263 3611 est:
297 3547 497 3626 Quanueius,
533 3550 560 3613 si
593 3551 703 3624 vultis,
736 3569 785 3615 me
817 3550 960 3625 oceidite;
995 3567 1065 3612 nem
1102 3548 1172 3612 viva

106 3651 276 3717 dimissura
301 3652 379 3717 hane
401 3658 528 3734 (aream)
551 3674 610 3720 non
636 3676 714 3735 sum,
737 3658 793 3720 oet.

211 3755 401 3822 Ibd1406:
527 3821 531 3827 .

320 3856 402 3927 Tdd'
424 3858 501 3950 οὐχί
524 3858 617 3930 dated
629 3891 641 3944 ‚·
664 3858 863 3949 ῥυσιάζομαι
888 3859 984 3950 λόγῳ.

106 3968 181 4033 Nou
204 3986 277 4033 eane
299 3960 386 4054 λόγῳ
406 3989 439 4034 se
457 3971 524 4052 oapi
541 3971 595 4035 Ion
615 3971 700 4053 queri
711 3973 839 4053 poterat,
863 3969 914 4032 sed
937 3969 967 4034 vi
989 3972 1021 4034 et
1043 3967 1171 4042 insidiis,

105 4076 165 4139 hoo
188 4074 247 4150 est,
271 4065 381 4159 λόχῳ.
