2580 4530
156 291 196 355 28
594 288 660 353 nio
678 290 701 345 Ι.

111 492 368 576 μαθηματικῶς
378 492 574 578 λεγομένοις
584 484 745 574 καθάπερ
757 496 788 556 οἱ
803 483 981 576 ἐπιχώριοι.
995 488 1060 553 Nec
1071 490 1183 570 poten-

114 599 198 664 tIalis
219 598 329 664 modus
351 602 546 675 (ἐπισκοποῖ
567 594 621 675 ἄν)
643 598 796 664 rationem
809 598 902 662 babet
925 596 973 679 (et
982 595 1014 659 iu
1026 594 1182 660 codicibus

112 706 191 771 subs
210 706 271 771 fide
293 703 394 788 dignis
417 706 465 769 est
485 705 678 788 ἐπισκοπεῖ)
703 722 760 768 nec
781 730 828 781 or,
858 701 931 785 quid
960 721 1032 766 vero
1061 700 1104 775 sit
1127 701 1147 784 -(
1168 703 1182 763 t

114 809 152 875 do
173 810 275 876 futuro
297 812 436 892 tempore
466 808 542 875 nihil
571 810 685 894 dicam)
713 811 827 876 δοκεῖν
856 814 892 873 ἐν
919 821 990 879 τοῖς
1011 833 1049 890 μ.
1076 808 1104 871 λ.
1127 807 1207 870 aut·

115 912 210 977 etiam
226 913 337 978 δοκεῖν
348 930 420 986 τοῖς
431 941 469 998 μ.
483 918 525 994 l,
549 936 588 981 ne
609 917 685 1001 fingi
707 916 831 1000 quidem
852 913 1054 979 tolerabiliter
1068 914 1181 995 potest.

115 1018 287 1084 Oonflemus
299 1020 394 1103 igitur
403 1023 464 1087 tria
475 1023 611 1099 divulsa;
635 1024 751 1105 clarum
764 1022 823 1086 erIt
835 1022 866 1085 et
876 1020 1080 1104 perspicuum,
1101 1017 1182 1101 quod

113 1129 271 1191 nascetur:
294 1121 377 1212 ccipe
402 1122 430 1193 δ’
453 1134 632 1193 ἐπισκοτεῖ
651 1132 728 1212 μὲν,
751 1121 920 1201 decederet
932 1126 1049 1196 δὲτοὶς
1061 1132 1181 1208 μαθη-

108 1234 263 1314 ματικῶς
285 1236 490 1320 λεγομένοις.
526 1234 607 1298 Nam
625 1237 764 1318 corrupto
781 1234 873 1301 verbo
886 1232 1027 1297 additum
1039 1233 1088 1296 est
1101 1231 1180 1309 ἐν’).

109 1335 161 1402 Ne
182 1338 263 1420 apud
285 1339 435 1405 Senecam
457 1340 580 1424 quidem
602 1341 691 1423 epist.
712 1341 764 1415 89,
785 1343 805 1400 4
827 1340 988 1423 quicquam
1010 1356 1047 1401 cx
1067 1336 1181 1401 litteris

109 1430 214 1526 periit,
234 1446 389 1509 sententia
410 1449 485 1524 tota,
508 1465 599 1529 quem
620 1447 723 1512 locum
744 1448 879 1512 Hessius
901 1444 988 1527 (nam
1011 1443 1180 1526 superiores

112 1550 240 1617 delendo
263 1552 397 1634 grassati
419 1553 521 1636 erant)
550 1551 594 1618 sic
616 1553 764 1636 scriptum
787 1553 899 1618 edidit:
928 1550 1182 1633 Philosophia

113 1656 209 1720 uude
232 1657 335 1721 diota
356 1657 417 1733 sit,
440 1663 611 1741 apparet;
633 1661 715 1743 ipsc
733 1660 829 1724 enim
853 1658 1002 1723 nomine
1024 1656 1180 1720 fatetur.

113 1763 273 1842 Quidam
301 1766 338 1828 et
367 1763 597 1845 sapientiam
627 1766 682 1829 ita
717 1765 761 1806 *²¹⁸
795 1766 950 1849 quidam
977 1763 1180 1839 finierunt,

112 1872 155 1934 ut
181 1870 358 1935 dicerent
385 1870 603 1939 divinorum
632 1875 668 1937 et
694 1874 941 1937 humanorum
963 1870 1179 1935 scientiam.

110 1974 229 2040 Seneca
264 1977 429 2059 scripserat
459 1979 560 2043 verbis
597 1979 725 2044 ludens:
770 1980 854 2062 ipso
890 1978 990 2042 enim
1029 1975 1180 2040 nominc

112 2084 268 2159 fatetur,
292 2082 369 2167 qnid
390 2085 477 2148 amet
499 2083 547 2165 (se
564 2085 802 2169 essesapientiae
814 2085 973 2165 amorem).
1023 2080 1179 2163 Sapien-

112 2188 208 2251 tiam
229 2188 286 2252 ita
308 2187 461 2269 quidam
491 2190 676 2254 finierunt
703 2188 808 2271 cet.‘·').
843 2186 917 2252 'Sed
938 2188 1079 2265 hoc,-ut
1107 2187 1179 2264 diri,

111 2313 225 2358 rarum.
287 2294 356 2374 Una
385 2294 507 2359 tantum
534 2295 639 2358 littera
670 2294 828 2359 intercidit
859 2293 939 2374 apud
970 2294 1178 2379 Thucydidem

112 2398 198 2473 VIII,
228 2397 279 2473 46,
311 2398 363 2461 ubi
396 2417 467 2462 cum
494 2399 522 2462 is
551 2395 741 2481 scripsisset:
779 2392 993 2484 εὐτελέστερα
1028 2402 1062 2466 δὲ
1094 2393 1179 2465 ταδ’

107 2502 152 2566 ei
157 2526 224 2569 ναι,
258 2503 391 2584 (facilius
413 2511 491 2568 ’esse
524 2506 555 2568 et
585 2504 712 2569 minoris
745 2505 884 2569 constare
916 2505 962 2583 id,
1000 2509 1081 2591 quod
1113 2508 1177 2591 ipse

112 2609 266 2691 svaderet)
295 2613 416 2694 βραχεῖ
442 2610 550 2693 μορίῳ
573 2611 634 2694 τῆς
665 2603 910 2695 δαπάνης
934 2615 1011 2697 περὶ
1036 2608 1178 2686 ἑαυτούς

112 2711 382 2799 τοαςῖἙλλνῑνας
405 2729 629 2799 κατατρῖψαι,
659 2715 802 2782 librarius
832 2720 934 2785 effecit
963 2713 1177 2805 εὐτελέστερα

113 2820 147 2887 δὲ
169 2817 211 2884 «ια’
236 2813 345 2898 δεινοί,
377 2823 570 2906 multumque
592 2823 724 2887 editores
746 2826 883 2903 vexant,
912 2827 1061 2909 equibus
1084 2847 1180 2912 nuper

110 2928 290 3009 Kruegems
313 2926 400 2991 εἶναι
424 2931 551 2994 subesse
574 2930 746 3011 suspicatus
775 2933 837 3009 est,
861 2934 981 2998 litteras
1012 2935 1078 3000 eod
1103 2935 1179 2999 abii·

106 3032 256 3114 ciebat⁸).
305 3033 397 3115 Apud
412 3035 585 3113 Platonem,
609 3036 695 3102 ouius
717 3037 792 3103 ahos
813 3039 894 3105 locos
915 3041 1006 3123 paulo
1029 3042 1179 3107 subtiliori

114 3178 251 3191 ψ...
261 3177 280 3183 ...
296 3176 311 3183 ...

141 3276 165 3344 1)
185 3274 403 3344 obtemperatum
422 3277 544 3344 oportuit
562 3277 691 3342 Bellero,
710 3280 740 3332 in
758 3279 879 3334 Platonis
896 3298 918 3334 r.
937 3296 964 3349 p.
984 3282 1024 3336 IX
1040 3300 1067 3353 p.
1086 3282 1177 3340 5780

187 3369 343 3438 δοσινχήσῃ
360 3367 402 3433 (si
420 3369 506 3422 mala
524 3369 662 3424 fortuna
679 3387 760 3426 usus
777 3371 900 3437 fuerit)
919 3372 1002 3427 scribi
1015 3372 1122 3428 iubenti
1132 3389 1179 3444 pro

186 3461 323 3531 δυστυχὴς
343 3452 368 3533 ᾖ
401 3460 464 3544 ,θεὰ
486 3462 544 3530 ipse
566 3460 639 3515 idem
661 3464 792 3533 corrigere
815 3465 910 3520 debuit
931 3466 1001 3520 VIII
1028 3484 1056 3536 p.
1085 3469 1135 3524 561
1156 3467 1180 3522 l

186 3554 335 3624 (εὐτυχήσῃ
353 3552 399 3620 καὶ
416 3552 453 3623 μὴ
472 3553 544 3620 πέρα
563 3552 740 3629 ἐκβακχευθῇ
758 3574 805 3627 pro
824 3558 941 3629 εὐτυχὴς
958 3552 997 3631 ᾗ).

135 3646 163 3718 s)
182 3648 259 3701 Hanc
278 3645 487 3701 emendationem
506 3648 568 3699 onte
586 3647 691 3717 aliquot
708 3666 793 3704 anuos
810 3628 969 3721 adumbravi
987 3654 1015 3705 et
1026 3651 1179 3720 adolescen-

185 3740 259 3792 tibus
277 3739 603 3811 reperiendam-proposui
621 3740 651 3793 ln
674 3740 744 3794 libro
769 3743 899 3798 trimestri
917 3743 1017 3799 Danico
1037 3742 1181 3811 (Tidskrift

184 3832 226 3887 for
243 3832 393 3901 Philologi)
412 3833 444 3896 V,
463 3832 498 3888 24
514 3834 542 3885 et
558 3836 733 3902 reppererunt
751 3835 908 3904 complures.

139 3922 166 3991 ³)
186 3924 273 3979 Huius
291 3924 342 3979 loci
362 3925 572 3980 emendationem
590 3940 650 3979 cum
668 3927 731 3980 aute
748 3926 811 3997 plus
829 3927 927 3998 viginti
945 3944 1029 3981 annos
1057 3928 1179 3995 (duobus,

184 4019 214 4074 ni
230 4017 318 4084 fallor,
336 4019 401 4072 ente
419 4019 618 4087 latet-,loanni
635 4016 772 4073 ormense
792 4019 904 4075 Haunie
922 4023 1125 4088 monstrassem,
1150 4022 1180 4075 iu

186 4111 257 4166 idem
274 4127 303 4165 se
321 4110 451 4167 incidisse
467 4112 544 4169 dixit
972 4146 975 4151 ·
