<?xml version="1.0" encoding="UTF-8"?>
<!DOCTYPE html PUBLIC "-//W3C//DTD XHTML 1.0 Transitional//EN"
    "http://www.w3.org/TR/xhtml1/DTD/xhtml1-transitional.dtd">
<html xmlns="http://www.w3.org/1999/xhtml" xml:lang="en" lang="en">
 <head>
  <title>
</title>
<meta http-equiv="Content-Type" content="text/html;charset=utf-8" />
  <meta name='ocr-system' content='tesseract 3.04.00' />
  <meta name='ocr-capabilities' content='ocr_page ocr_carea ocr_par ocr_line ocrx_word'/>
</head>
<body>
  <div class='ocr_page' id='page_1' title='image "./adversariacriti00madvgoog_0694.png"; bbox 0 0 2580 4530; ppageno 0'>
   <div class='ocr_carea' id='block_1_1' title="bbox 545 217 1090 347">
    <p class='ocr_par' dir='ltr' id='par_1_1' title="bbox 545 217 1090 347">
     <span class='ocr_line' id='line_1_1' title="bbox 545 217 1090 347; baseline 0.018 -17"><span class='ocrx_word' id='word_1_1' title='bbox 545 275 607 333; x_wconf 84' lang='lat' dir='ltr'>Lib.</span> <span class='ocrx_word' id='word_1_2' title='bbox 625 276 659 333; x_wconf 85' lang='lat' dir='ltr'>V.</span> <span class='ocrx_word' id='word_1_3' title='bbox 1031 217 1090 347; x_wconf 63' lang='lat' dir='ltr'>til?</span> 
     </span>
    </p>
   </div>
   <div class='ocr_carea' id='block_1_2' title="bbox 67 469 1134 797">
    <p class='ocr_par' dir='ltr' id='par_1_2' title="bbox 67 469 1134 797">
     <span class='ocr_line' id='line_1_2' title="bbox 68 469 1132 561; baseline -0.001 -21"><span class='ocrx_word' id='word_1_4' title='bbox 68 475 265 542; x_wconf 72' lang='lat' dir='ltr'>scribendum</span> <span class='ocrx_word' id='word_1_5' title='bbox 287 479 374 561; x_wconf 85' lang='lat' dir='ltr'>puto:</span> <span class='ocrx_word' id='word_1_6' title='bbox 398 478 466 561; x_wconf 79' lang='grc' dir='ltr'><strong><em>φιλ.</em></strong></span> <span class='ocrx_word' id='word_1_7' title='bbox 489 469 804 561; x_wconf 72' lang='grc' dir='ltr'><strong><em>α’ναιρεθέντων</em></strong></span> <span class='ocrx_word' id='word_1_8' title='bbox 826 478 905 542; x_wconf 73' lang='grc' dir='ltr'>τῶν</span> <span class='ocrx_word' id='word_1_9' title='bbox 927 501 974 555; x_wconf 73' lang='lat' dir='ltr'>aa,</span> <span class='ocrx_word' id='word_1_10' title='bbox 996 476 1132 552; x_wconf 63' lang='lat' dir='ltr'>mesu,</span> 
     </span>
     <span class='ocr_line' id='line_1_3' title="bbox 68 580 1134 662; baseline 0.011 -19"><span class='ocrx_word' id='word_1_11' title='bbox 68 580 88 643; x_wconf 88' lang='grc'><strong>3</strong></span> <span class='ocrx_word' id='word_1_12' title='bbox 113 583 146 648; x_wconf 92' lang='lat' dir='ltr'>et</span> <span class='ocrx_word' id='word_1_13' title='bbox 158 599 184 646; x_wconf 85' lang='lat' dir='ltr'>e.</span> <span class='ocrx_word' id='word_1_14' title='bbox 198 580 248 660; x_wconf 86' lang='lat'>31,</span> <span class='ocrx_word' id='word_1_15' title='bbox 271 583 290 645; x_wconf 77' lang='lat'><strong>2</strong></span> <span class='ocrx_word' id='word_1_16' title='bbox 313 585 345 648; x_wconf 90' lang='lat' dir='ltr'>et</span> <span class='ocrx_word' id='word_1_17' title='bbox 367 585 386 646; x_wconf 88' lang='lat'>6</span> <span class='ocrx_word' id='word_1_18' title='bbox 409 582 540 660; x_wconf 78' lang='lat' dir='ltr'>ete34,</span> <span class='ocrx_word' id='word_1_19' title='bbox 563 582 592 657; x_wconf 84' lang='lat'>3,</span> <span class='ocrx_word' id='word_1_20' title='bbox 614 583 824 662; x_wconf 75' lang='lat' dir='ltr'>aautem32,</span> <span class='ocrx_word' id='word_1_21' title='bbox 847 586 882 645; x_wconf 78' lang='lat'>7:</span> <span class='ocrx_word' id='word_1_22' title='bbox 906 583 1134 660; x_wconf 67' lang='grc' dir='ltr'><strong><em>ἐξελῶντας</em></strong></span> 
     </span>
     <span class='ocr_line' id='line_1_4' title="bbox 67 682 432 797; baseline -0.005 -45"><span class='ocrx_word' id='word_1_23' title='bbox 67 682 178 772; x_wconf 76' lang='grc' dir='ltr'><strong><em>αὐλῆς</em></strong></span> <span class='ocrx_word' id='word_1_24' title='bbox 202 694 268 772; x_wconf 87' lang='lat' dir='ltr'>(pro</span> <span class='ocrx_word' id='word_1_25' title='bbox 284 689 432 797; x_wconf 59' lang='lat' dir='ltr'>&#39;testoni</span> 
     </span>
    </p>
   </div>
   <div class='ocr_carea' id='block_1_3' title="bbox 525 968 678 1052">
    <p class='ocr_par' dir='ltr' id='par_1_3' title="bbox 525 968 678 1052">
     <span class='ocr_line' id='line_1_5' title="bbox 525 968 678 1052; baseline -0.02 -17"><span class='ocrx_word' id='word_1_26' title='bbox 525 968 608 1052; x_wconf 81' lang='lat' dir='ltr'>Gap.</span> <span class='ocrx_word' id='word_1_27' title='bbox 632 969 678 1033; x_wconf 91' lang='grc' dir='ltr'>ΙΙ.</span> 
     </span>
    </p>
   </div>
   <div class='ocr_carea' id='block_1_4' title="bbox 528 1120 671 1176">
    <p class='ocr_par' dir='ltr' id='par_1_4' title="bbox 528 1120 671 1176">
     <span class='ocr_line' id='line_1_6' title="bbox 528 1120 671 1176; baseline 0 0"><span class='ocrx_word' id='word_1_28' title='bbox 528 1120 671 1176; x_wconf 82' lang='lat' dir='ltr'>Lnoianns.</span> 
     </span>
    </p>
   </div>
   <div class='ocr_carea' id='block_1_5' title="bbox 58 1257 1133 3781">
    <p class='ocr_par' dir='ltr' id='par_1_5' title="bbox 58 1257 1133 3781">
     <span class='ocr_line' id='line_1_7' title="bbox 166 1257 1133 1353; baseline 0.003 -30"><span class='ocrx_word' id='word_1_29' title='bbox 166 1257 296 1323; x_wconf 82' lang='lat' dir='ltr'>Luoiani</span> <span class='ocrx_word' id='word_1_30' title='bbox 329 1257 442 1353; x_wconf 78' lang='lat' dir='ltr'>scripta</span> <span class='ocrx_word' id='word_1_31' title='bbox 477 1260 509 1323; x_wconf 93' lang='lat' dir='ltr'>et</span> <span class='ocrx_word' id='word_1_32' title='bbox 542 1278 609 1343; x_wconf 86' lang='lat' dir='ltr'>quae</span> <span class='ocrx_word' id='word_1_33' title='bbox 641 1260 699 1326; x_wconf 84' lang='lat' dir='ltr'>sub</span> <span class='ocrx_word' id='word_1_34' title='bbox 731 1258 796 1325; x_wconf 87' lang='lat' dir='ltr'>eius</span> <span class='ocrx_word' id='word_1_35' title='bbox 832 1278 943 1345; x_wconf 90' lang='lat' dir='ltr'>nomen</span> <span class='ocrx_word' id='word_1_36' title='bbox 974 1277 1074 1325; x_wconf 88' lang='lat' dir='ltr'>errore</span> <span class='ocrx_word' id='word_1_37' title='bbox 1102 1262 1133 1326; x_wconf 93' lang='lat' dir='ltr'>et</span> 
     </span>
     <span class='ocr_line' id='line_1_8' title="bbox 63 1362 1133 1449; baseline 0 -18"><span class='ocrx_word' id='word_1_38' title='bbox 63 1367 189 1449; x_wconf 91' lang='lat' dir='ltr'>propter</span> <span class='ocrx_word' id='word_1_39' title='bbox 222 1362 456 1431; x_wconf 89' lang='lat' dir='ltr'>similitudinem</span> <span class='ocrx_word' id='word_1_40' title='bbox 491 1364 644 1448; x_wconf 86' lang='lat' dir='ltr'>quandem</span> <span class='ocrx_word' id='word_1_41' title='bbox 685 1367 716 1430; x_wconf 92' lang='lat' dir='ltr'>et</span> <span class='ocrx_word' id='word_1_42' title='bbox 751 1362 957 1431; x_wconf 84' lang='lat' dir='ltr'>imitationem</span> <span class='ocrx_word' id='word_1_43' title='bbox 995 1366 1133 1431; x_wconf 81' lang='lat' dir='ltr'>subiecta</span> 
     </span>
     <span class='ocr_line' id='line_1_9' title="bbox 64 1470 1131 1556; baseline 0.001 -20"><span class='ocrx_word' id='word_1_44' title='bbox 64 1472 150 1550; x_wconf 92' lang='lat' dir='ltr'>sunt,</span> <span class='ocrx_word' id='word_1_45' title='bbox 187 1470 334 1536; x_wconf 85' lang='lat' dir='ltr'>nonnulle</span> <span class='ocrx_word' id='word_1_46' title='bbox 354 1470 478 1553; x_wconf 90' lang='lat' dir='ltr'>quidem</span> <span class='ocrx_word' id='word_1_47' title='bbox 510 1472 586 1537; x_wconf 91' lang='lat' dir='ltr'>satis</span> <span class='ocrx_word' id='word_1_48' title='bbox 609 1471 641 1536; x_wconf 90' lang='lat' dir='ltr'>et</span> <span class='ocrx_word' id='word_1_49' title='bbox 661 1472 827 1556; x_wconf 82' lang='lat' dir='ltr'>generent</span> <span class='ocrx_word' id='word_1_50' title='bbox 858 1472 949 1538; x_wconf 85' lang='lat' dir='ltr'>aetate</span> <span class='ocrx_word' id='word_1_51' title='bbox 979 1475 1131 1555; x_wconf 84' lang='lat' dir='ltr'>separata,</span> 
     </span>
     <span class='ocr_line' id='line_1_10' title="bbox 63 1572 1132 1662; baseline 0.001 -20"><span class='ocrx_word' id='word_1_52' title='bbox 63 1596 135 1643; x_wconf 89' lang='lat' dir='ltr'>oum</span> <span class='ocrx_word' id='word_1_53' title='bbox 171 1574 318 1661; x_wconf 77' lang='lat' dir='ltr'>pleraque</span> <span class='ocrx_word' id='word_1_54' title='bbox 348 1575 525 1643; x_wconf 78' lang='lat' dir='ltr'>adolescens</span> <span class='ocrx_word' id='word_1_55' title='bbox 560 1572 777 1662; x_wconf 79' lang='lat' dir='ltr'>perlegissem,</span> <span class='ocrx_word' id='word_1_56' title='bbox 807 1579 953 1645; x_wconf 87' lang='lat' dir='ltr'>nonnulla</span> <span class='ocrx_word' id='word_1_57' title='bbox 986 1577 1132 1659; x_wconf 75' lang='lat' dir='ltr'>studiose,</span> 
     </span>
     <span class='ocr_line' id='line_1_11' title="bbox 61 1668 1133 1769; baseline 0 -21"><span class='ocrx_word' id='word_1_58' title='bbox 61 1685 135 1769; x_wconf 89' lang='lat' dir='ltr'>post</span> <span class='ocrx_word' id='word_1_59' title='bbox 160 1668 288 1766; x_wconf 77' lang='lat' dir='ltr'>longum&#39;</span> <span class='ocrx_word' id='word_1_60' title='bbox 318 1682 516 1748; x_wconf 86' lang='lat' dir='ltr'>intervallum</span> <span class='ocrx_word' id='word_1_61' title='bbox 555 1681 690 1767; x_wconf 87' lang='lat' dir='ltr'>relegere</span> <span class='ocrx_word' id='word_1_62' title='bbox 722 1684 809 1768; x_wconf 89' lang='lat' dir='ltr'>ooepi,</span> <span class='ocrx_word' id='word_1_63' title='bbox 842 1702 912 1749; x_wconf 89' lang='lat' dir='ltr'>oum</span> <span class='ocrx_word' id='word_1_64' title='bbox 946 1684 979 1750; x_wconf 92' lang='lat' dir='ltr'>in</span> <span class='ocrx_word' id='word_1_65' title='bbox 1011 1682 1133 1769; x_wconf 81' lang='lat' dir='ltr'>syntaxi</span> 
     </span>
     <span class='ocr_line' id='line_1_12' title="bbox 62 1788 1130 1875; baseline -0.001 -21"><span class='ocrx_word' id='word_1_66' title='bbox 62 1788 173 1854; x_wconf 83' lang='lat' dir='ltr'>(lraeea</span> <span class='ocrx_word' id='word_1_67' title='bbox 195 1788 403 1871; x_wconf 74' lang='lat' dir='ltr'>componenda</span> <span class='ocrx_word' id='word_1_68' title='bbox 423 1791 589 1870; x_wconf 86' lang='lat' dir='ltr'>oooupetus</span> <span class='ocrx_word' id='word_1_69' title='bbox 604 1788 782 1873; x_wconf 86' lang='lat' dir='ltr'>diligentius</span> <span class='ocrx_word' id='word_1_70' title='bbox 803 1790 1000 1875; x_wconf 73' lang='lat' dir='ltr'>inquirerem,</span> <span class='ocrx_word' id='word_1_71' title='bbox 1024 1808 1130 1872; x_wconf 91' lang='lat' dir='ltr'>quem-</span> 
     </span>
     <span class='ocr_line' id='line_1_13' title="bbox 62 1894 1130 1980; baseline 0 -21"><span class='ocrx_word' id='word_1_72' title='bbox 62 1894 232 1961; x_wconf 76' lang='lat' dir='ltr'><strong>admodum</strong></span> <span class='ocrx_word' id='word_1_73' title='bbox 259 1895 376 1960; x_wconf 89' lang='lat' dir='ltr'>sensim</span> <span class='ocrx_word' id='word_1_74' title='bbox 405 1896 549 1960; x_wconf 87' lang='lat' dir='ltr'>avetere</span> <span class='ocrx_word' id='word_1_75' title='bbox 581 1913 640 1959; x_wconf 92' lang='lat' dir='ltr'>usu</span> <span class='ocrx_word' id='word_1_76' title='bbox 671 1894 858 1962; x_wconf 80' lang='lat' dir='ltr'>declinatum</span> <span class='ocrx_word' id='word_1_77' title='bbox 883 1898 967 1963; x_wconf 86' lang='lat' dir='ltr'>esset</span> <span class='ocrx_word' id='word_1_78' title='bbox 998 1894 1130 1980; x_wconf 91' lang='lat' dir='ltr'>quidque</span> 
     </span>
     <span class='ocr_line' id='line_1_14' title="bbox 61 2000 1129 2085; baseline 0 -19"><span class='ocrx_word' id='word_1_79' title='bbox 61 2002 133 2084; x_wconf 91' lang='lat' dir='ltr'>ipsi,</span> <span class='ocrx_word' id='word_1_80' title='bbox 156 2001 209 2085; x_wconf 90' lang='lat' dir='ltr'>qui</span> <span class='ocrx_word' id='word_1_81' title='bbox 230 2000 338 2085; x_wconf 90' lang='lat' dir='ltr'>primis</span> <span class='ocrx_word' id='word_1_82' title='bbox 359 2004 430 2084; x_wconf 91' lang='lat' dir='ltr'>post</span> <span class='ocrx_word' id='word_1_83' title='bbox 452 2001 608 2067; x_wconf 80' lang='lat' dir='ltr'>Christum</span> <span class='ocrx_word' id='word_1_84' title='bbox 640 2003 748 2068; x_wconf 88' lang='lat' dir='ltr'>natum</span> <span class='ocrx_word' id='word_1_85' title='bbox 770 2002 883 2068; x_wconf 90' lang='lat' dir='ltr'>seeulis</span> <span class='ocrx_word' id='word_1_86' title='bbox 904 2001 1043 2066; x_wconf 84' lang='lat' dir='ltr'>Atticam</span> <span class='ocrx_word' id='word_1_87' title='bbox 1065 2000 1129 2066; x_wconf 87' lang='lat' dir='ltr'>ela·</span> 
     </span>
     <span class='ocr_line' id='line_1_15' title="bbox 61 2089 1130 2192; baseline -0.002 -20"><span class='ocrx_word' id='word_1_88' title='bbox 61 2089 202 2192; x_wconf 78' lang='lat' dir='ltr'>gantiam</span> <span class='ocrx_word' id='word_1_89' title='bbox 240 2106 390 2172; x_wconf 84' lang='lat' dir='ltr'>imitando</span> <span class='ocrx_word' id='word_1_90' title='bbox 424 2125 569 2173; x_wconf 84' lang='lat' dir='ltr'>renovare</span> <span class='ocrx_word' id='word_1_91' title='bbox 601 2105 703 2172; x_wconf 87' lang='lat' dir='ltr'>eonati</span> <span class='ocrx_word' id='word_1_92' title='bbox 735 2108 846 2184; x_wconf 84' lang='lat' dir='ltr'>essent</span> <span class='ocrx_word' id='word_1_93' title='bbox 880 2106 989 2173; x_wconf 76' lang='lat' dir='ltr'>novitii</span> <span class='ocrx_word' id='word_1_94' title='bbox 1024 2107 1130 2172; x_wconf 86' lang='lat' dir='ltr'>tamen</span> 
     </span>
     <span class='ocr_line' id='line_1_16' title="bbox 60 2212 1130 2298; baseline -0.001 -20"><span class='ocrx_word' id='word_1_95' title='bbox 60 2213 342 2281; x_wconf 78' lang='lat' dir='ltr'>intermiscuissent</span> <span class='ocrx_word' id='word_1_96' title='bbox 366 2217 397 2277; x_wconf 91' lang='lat' dir='ltr'>et</span> <span class='ocrx_word' id='word_1_97' title='bbox 418 2213 526 2289; x_wconf 84' lang='lat' dir='ltr'>alieni,</span> <span class='ocrx_word' id='word_1_98' title='bbox 561 2213 770 2298; x_wconf 78' lang='lat' dir='ltr'>paulatimque</span> <span class='ocrx_word' id='word_1_99' title='bbox 797 2212 913 2281; x_wconf 84' lang='lat' dir='ltr'>absolvi</span> <span class='ocrx_word' id='word_1_100' title='bbox 936 2215 1049 2298; x_wconf 88' lang='lat' dir='ltr'>praeter</span> <span class='ocrx_word' id='word_1_101' title='bbox 1069 2213 1130 2278; x_wconf 91' lang='lat' dir='ltr'>mi-</span> 
     </span>
     <span class='ocr_line' id='line_1_17' title="bbox 61 2318 1130 2405; baseline 0 -22"><span class='ocrx_word' id='word_1_102' title='bbox 61 2320 153 2385; x_wconf 89' lang='lat' dir='ltr'>nntos</span> <span class='ocrx_word' id='word_1_103' title='bbox 173 2318 295 2385; x_wconf 87' lang='lat' dir='ltr'>libellos</span> <span class='ocrx_word' id='word_1_104' title='bbox 318 2320 350 2385; x_wconf 90' lang='lat' dir='ltr'>et</span> <span class='ocrx_word' id='word_1_105' title='bbox 371 2318 423 2404; x_wconf 93' lang='lat' dir='ltr'>qui</span> <span class='ocrx_word' id='word_1_106' title='bbox 453 2318 624 2403; x_wconf 77' lang='lat' dir='ltr'>aliquado</span> <span class='ocrx_word' id='word_1_107' title='bbox 663 2337 756 2386; x_wconf 85' lang='lat' dir='ltr'>eausa</span> <span class='ocrx_word' id='word_1_108' title='bbox 777 2319 880 2385; x_wconf 91' lang='lat' dir='ltr'>minus</span> <span class='ocrx_word' id='word_1_109' title='bbox 902 2319 942 2385; x_wconf 83' lang='lat' dir='ltr'>ad</span> <span class='ocrx_word' id='word_1_110' title='bbox 962 2318 1130 2405; x_wconf 83' lang='lat' dir='ltr'>legendum</span> 
     </span>
     <span class='ocr_line' id='line_1_18' title="bbox 61 2420 1130 2510; baseline -0.001 -20"><span class='ocrx_word' id='word_1_111' title='bbox 61 2429 116 2490; x_wconf 83' lang='lat' dir='ltr'>ant</span> <span class='ocrx_word' id='word_1_112' title='bbox 138 2424 251 2491; x_wconf 86' lang='lat' dir='ltr'>saltem</span> <span class='ocrx_word' id='word_1_113' title='bbox 273 2425 314 2490; x_wconf 84' lang='lat' dir='ltr'>ud</span> <span class='ocrx_word' id='word_1_114' title='bbox 335 2426 518 2493; x_wconf 84' lang='lat' dir='ltr'>morandum</span> <span class='ocrx_word' id='word_1_115' title='bbox 549 2425 733 2493; x_wconf 82' lang='lat' dir='ltr'>invitabant.</span> <span class='ocrx_word' id='word_1_116' title='bbox 778 2420 829 2489; x_wconf 79' lang='lat' dir='ltr'>nd</span> <span class='ocrx_word' id='word_1_117' title='bbox 855 2425 1016 2510; x_wconf 80' lang='lat' dir='ltr'>exiguum,</span> <span class='ocrx_word' id='word_1_118' title='bbox 1048 2424 1130 2508; x_wconf 88' lang='lat' dir='ltr'>quod</span> 
     </span>
     <span class='ocr_line' id='line_1_19' title="bbox 61 2528 1129 2623; baseline -0.001 -27"><span class='ocrx_word' id='word_1_119' title='bbox 61 2531 137 2596; x_wconf 90' lang='lat' dir='ltr'>olim</span> <span class='ocrx_word' id='word_1_120' title='bbox 164 2530 204 2595; x_wconf 83' lang='lat' dir='ltr'>ad</span> <span class='ocrx_word' id='word_1_121' title='bbox 231 2529 376 2623; x_wconf 82' lang='lat' dir='ltr'>orationis</span> <span class='ocrx_word' id='word_1_122' title='bbox 403 2528 497 2597; x_wconf 83' lang='lat' dir='ltr'>fidem</span> <span class='ocrx_word' id='word_1_123' title='bbox 519 2531 700 2616; x_wconf 83' lang='lat' dir='ltr'>exigendam</span> <span class='ocrx_word' id='word_1_124' title='bbox 732 2533 874 2616; x_wconf 85' lang='lat' dir='ltr'>paratum</span> <span class='ocrx_word' id='word_1_125' title='bbox 897 2533 992 2623; x_wconf 77' lang='lat' dir='ltr'>erat,</span> <span class='ocrx_word' id='word_1_126' title='bbox 1012 2530 1129 2596; x_wconf 89' lang='lat' dir='ltr'>instru-</span> 
     </span>
     <span class='ocr_line' id='line_1_20' title="bbox 60 2619 1129 2723; baseline -0.004 -22"><span class='ocrx_word' id='word_1_127' title='bbox 60 2638 204 2702; x_wconf 79' lang='lat' dir='ltr'>mentum</span> <span class='ocrx_word' id='word_1_128' title='bbox 224 2636 364 2703; x_wconf 90' lang='lat' dir='ltr'>eodieum</span> <span class='ocrx_word' id='word_1_129' title='bbox 385 2655 483 2723; x_wconf 88' lang='lat' dir='ltr'>neque</span> <span class='ocrx_word' id='word_1_130' title='bbox 505 2619 674 2717; x_wconf 81' lang='lat' dir='ltr'>multorum</span> <span class='ocrx_word' id='word_1_131' title='bbox 692 2657 789 2721; x_wconf 89' lang='lat' dir='ltr'>neque</span> <span class='ocrx_word' id='word_1_132' title='bbox 810 2638 1006 2721; x_wconf 88' lang='lat' dir='ltr'>antiquorum</span> <span class='ocrx_word' id='word_1_133' title='bbox 1029 2651 1129 2718; x_wconf 86' lang='lat' dir='ltr'>neque</span> 
     </span>
     <span class='ocr_line' id='line_1_21' title="bbox 61 2741 1129 2829; baseline -0.005 -20"><span class='ocrx_word' id='word_1_134' title='bbox 61 2742 226 2829; x_wconf 80' lang='lat' dir='ltr'>diligenter</span> <span class='ocrx_word' id='word_1_135' title='bbox 247 2745 278 2808; x_wconf 92' lang='lat' dir='ltr'>et</span> <span class='ocrx_word' id='word_1_136' title='bbox 298 2744 388 2827; x_wconf 88' lang='lat' dir='ltr'>plene</span> <span class='ocrx_word' id='word_1_137' title='bbox 418 2744 596 2809; x_wconf 86' lang='lat' dir='ltr'>oollatorum</span> <span class='ocrx_word' id='word_1_138' title='bbox 622 2762 720 2826; x_wconf 88' lang='lat' dir='ltr'>nuper</span> <span class='ocrx_word' id='word_1_139' title='bbox 739 2744 822 2809; x_wconf 85' lang='lat' dir='ltr'>faeta</span> <span class='ocrx_word' id='word_1_140' title='bbox 843 2747 891 2809; x_wconf 89' lang='lat' dir='ltr'>est</span> <span class='ocrx_word' id='word_1_141' title='bbox 912 2741 1046 2809; x_wconf 87' lang='lat' dir='ltr'>aoeessio</span> <span class='ocrx_word' id='word_1_142' title='bbox 1068 2758 1129 2804; x_wconf 90' lang='lat' dir='ltr'>non</span> 
     </span>
     <span class='ocr_line' id='line_1_22' title="bbox 60 2847 1130 2943; baseline -0.003 -30"><span class='ocrx_word' id='word_1_143' title='bbox 60 2866 155 2932; x_wconf 87' lang='lat' dir='ltr'>parva</span> <span class='ocrx_word' id='word_1_144' title='bbox 176 2848 317 2914; x_wconf 87' lang='lat' dir='ltr'>oodioum</span> <span class='ocrx_word' id='word_1_145' title='bbox 334 2849 466 2915; x_wconf 83' lang='lat' dir='ltr'>maxime</span> <span class='ocrx_word' id='word_1_146' title='bbox 488 2848 674 2943; x_wconf 84' lang='lat' dir='ltr'>Gorlioensis</span> <span class='ocrx_word' id='word_1_147' title='bbox 696 2849 739 2933; x_wconf 79' lang='lat' dir='ltr'>(A</span> <span class='ocrx_word' id='word_1_148' title='bbox 761 2849 843 2933; x_wconf 84' lang='lat' dir='ltr'>apud</span> <span class='ocrx_word' id='word_1_149' title='bbox 863 2847 1075 2926; x_wconf 87' lang='lat' dir='ltr'>Iaoobitzium)</span> <span class='ocrx_word' id='word_1_150' title='bbox 1097 2847 1130 2911; x_wconf 91' lang='lat' dir='ltr'>et</span> 
     </span>
     <span class='ocr_line' id='line_1_23' title="bbox 60 2952 1127 3040; baseline -0.001 -23"><span class='ocrx_word' id='word_1_151' title='bbox 60 2954 309 3021; x_wconf 85' lang='lat' dir='ltr'>Vindobonensis</span> <span class='ocrx_word' id='word_1_152' title='bbox 331 2956 386 3040; x_wconf 88' lang='lat' dir='ltr'>(B)</span> <span class='ocrx_word' id='word_1_153' title='bbox 409 2952 582 3037; x_wconf 80' lang='lat' dir='ltr'>eorumque,</span> <span class='ocrx_word' id='word_1_154' title='bbox 605 2973 671 3037; x_wconf 83' lang='lat' dir='ltr'>quae</span> <span class='ocrx_word' id='word_1_155' title='bbox 684 2954 964 3020; x_wconf 83' lang='lat' dir='ltr'>Sommerbrodtius</span> <span class='ocrx_word' id='word_1_156' title='bbox 986 2970 1003 3017; x_wconf 92' lang='lat' dir='ltr'>e</span> <span class='ocrx_word' id='word_1_157' title='bbox 1022 2952 1127 3018; x_wconf 89' lang='lat' dir='ltr'>eodioe</span> 
     </span>
     <span class='ocr_line' id='line_1_24' title="bbox 60 3058 1127 3144; baseline -0.003 -19"><span class='ocrx_word' id='word_1_158' title='bbox 60 3061 217 3126; x_wconf 77' lang='lat' dir='ltr'>Marciano</span> <span class='ocrx_word' id='word_1_159' title='bbox 251 3081 282 3124; x_wconf 93' lang='lat' dir='ltr'>n.</span> <span class='ocrx_word' id='word_1_160' title='bbox 312 3061 374 3124; x_wconf 88' lang='grc'>434</span> <span class='ocrx_word' id='word_1_161' title='bbox 410 3068 463 3140; x_wconf 92' lang='grc'>(-</span> <span class='ocrx_word' id='word_1_162' title='bbox 494 3078 567 3125; x_wconf 87' lang='lat' dir='ltr'>nem</span> <span class='ocrx_word' id='word_1_163' title='bbox 598 3058 694 3124; x_wconf 89' lang='lat' dir='ltr'>eeteri</span> <span class='ocrx_word' id='word_1_164' title='bbox 725 3059 876 3126; x_wconf 82' lang='lat' dir='ltr'>Marciani</span> <span class='ocrx_word' id='word_1_165' title='bbox 908 3060 1024 3144; x_wconf 84' lang='lat' dir='ltr'>exiguae</span> <span class='ocrx_word' id='word_1_166' title='bbox 1055 3077 1127 3123; x_wconf 88' lang='lat' dir='ltr'>ano·</span> 
     </span>
     <span class='ocr_line' id='line_1_25' title="bbox 60 3164 1126 3250; baseline -0.004 -18"><span class='ocrx_word' id='word_1_167' title='bbox 60 3166 196 3233; x_wconf 77' lang='lat' dir='ltr'>totitatis</span> <span class='ocrx_word' id='word_1_168' title='bbox 230 3167 303 3231; x_wconf 90' lang='lat' dir='ltr'>sunt</span> <span class='ocrx_word' id='word_1_169' title='bbox 326 3174 375 3246; x_wconf 92' lang='lat'>-)</span> <span class='ocrx_word' id='word_1_170' title='bbox 398 3166 592 3250; x_wconf 84' lang='lat' dir='ltr'>excerpsit¹).</span> <span class='ocrx_word' id='word_1_171' title='bbox 646 3164 709 3231; x_wconf 88' lang='lat' dir='ltr'>Sed</span> <span class='ocrx_word' id='word_1_172' title='bbox 740 3184 838 3249; x_wconf 89' lang='lat' dir='ltr'>neque</span> <span class='ocrx_word' id='word_1_173' title='bbox 859 3164 966 3230; x_wconf 89' lang='lat' dir='ltr'>eadem</span> <span class='ocrx_word' id='word_1_174' title='bbox 989 3165 1126 3229; x_wconf 92' lang='lat' dir='ltr'>omnium</span> 
     </span>
     <span class='ocr_line' id='line_1_26' title="bbox 59 3271 1126 3354; baseline -0.005 -17"><span class='ocrx_word' id='word_1_175' title='bbox 59 3272 234 3339; x_wconf 79' lang='lat' dir='ltr'>lrlrellorum</span> <span class='ocrx_word' id='word_1_176' title='bbox 256 3272 393 3337; x_wconf 87' lang='lat' dir='ltr'>eondioio</span> <span class='ocrx_word' id='word_1_177' title='bbox 416 3274 473 3348; x_wconf 87' lang='lat' dir='ltr'>est,</span> <span class='ocrx_word' id='word_1_178' title='bbox 496 3272 551 3337; x_wconf 90' lang='lat' dir='ltr'>sed</span> <span class='ocrx_word' id='word_1_179' title='bbox 571 3290 630 3337; x_wconf 93' lang='lat' dir='ltr'>non</span> <span class='ocrx_word' id='word_1_180' title='bbox 645 3290 738 3354; x_wconf 85' lang='lat' dir='ltr'>parvo</span> <span class='ocrx_word' id='word_1_181' title='bbox 759 3271 868 3336; x_wconf 89' lang='lat' dir='ltr'>melior·</span> <span class='ocrx_word' id='word_1_182' title='bbox 887 3271 1126 3351; x_wconf 77' lang='lat' dir='ltr'>universespeo-</span> 
     </span>
     <span class='ocr_line' id='line_1_27' title="bbox 59 3372 1126 3461; baseline -0.005 -17"><span class='ocrx_word' id='word_1_183' title='bbox 59 3379 140 3444; x_wconf 85' lang='lat' dir='ltr'>tenti</span> <span class='ocrx_word' id='word_1_184' title='bbox 162 3396 279 3455; x_wconf 87' lang='lat' dir='ltr'>eorum,</span> <span class='ocrx_word' id='word_1_185' title='bbox 301 3378 353 3461; x_wconf 90' lang='lat' dir='ltr'>qui</span> <span class='ocrx_word' id='word_1_186' title='bbox 374 3378 487 3443; x_wconf 92' lang='lat' dir='ltr'>librum</span> <span class='ocrx_word' id='word_1_187' title='bbox 502 3378 540 3444; x_wconf 95' lang='lat' dir='ltr'>de</span> <span class='ocrx_word' id='word_1_188' title='bbox 562 3378 691 3444; x_wconf 83' lang='lat' dir='ltr'>historia</span> <span class='ocrx_word' id='word_1_189' title='bbox 705 3376 923 3445; x_wconf 80' lang='lat' dir='ltr'>consoribeuda</span> <span class='ocrx_word' id='word_1_190' title='bbox 936 3372 1126 3460; x_wconf 78' lang='lat' dir='ltr'>praecedunt,</span> 
     </span>
     <span class='ocr_line' id='line_1_28' title="bbox 60 3480 1126 3570; baseline -0.001 -23"><span class='ocrx_word' id='word_1_191' title='bbox 60 3483 193 3550; x_wconf 85' lang='lat' dir='ltr'>deterior</span> <span class='ocrx_word' id='word_1_192' title='bbox 213 3484 276 3549; x_wconf 86' lang='lat' dir='ltr'>fere</span> <span class='ocrx_word' id='word_1_193' title='bbox 298 3487 478 3561; x_wconf 80' lang='lat' dir='ltr'>ceterorum,</span> <span class='ocrx_word' id='word_1_194' title='bbox 500 3485 693 3570; x_wconf 83' lang='lat' dir='ltr'>maximeque</span> <span class='ocrx_word' id='word_1_195' title='bbox 715 3484 930 3551; x_wconf 86' lang='lat' dir='ltr'>nonnullorum</span> <span class='ocrx_word' id='word_1_196' title='bbox 957 3483 1004 3560; x_wconf 89' lang='lat' dir='ltr'>(ut</span> <span class='ocrx_word' id='word_1_197' title='bbox 1034 3480 1126 3547; x_wconf 88' lang='lat' dir='ltr'>huius</span> 
     </span>
     <span class='ocr_line' id='line_1_29' title="bbox 58 3584 1125 3673; baseline -0.003 -20"><span class='ocrx_word' id='word_1_198' title='bbox 58 3589 155 3673; x_wconf 86' lang='lat' dir='ltr'>ipsius</span> <span class='ocrx_word' id='word_1_199' title='bbox 186 3588 224 3654; x_wconf 91' lang='lat' dir='ltr'>de</span> <span class='ocrx_word' id='word_1_200' title='bbox 257 3589 399 3668; x_wconf 86' lang='lat' dir='ltr'>historie,</span> <span class='ocrx_word' id='word_1_201' title='bbox 432 3590 642 3673; x_wconf 77' lang='lat' dir='ltr'>tyrannicidae,</span> <span class='ocrx_word' id='word_1_202' title='bbox 668 3590 850 3667; x_wconf 76' lang='lat' dir='ltr'>Alexandri,</span> <span class='ocrx_word' id='word_1_203' title='bbox 884 3586 1028 3673; x_wconf 78' lang='lat' dir='ltr'>parasiti,</span> <span class='ocrx_word' id='word_1_204' title='bbox 1055 3584 1125 3653; x_wconf 85' lang='lat' dir='ltr'>adv.</span> 
     </span>
     <span class='ocr_line' id='line_1_30' title="bbox 58 3692 1125 3781; baseline -0.004 -21"><span class='ocrx_word' id='word_1_205' title='bbox 58 3694 232 3767; x_wconf 82' lang='lat' dir='ltr'>indoctum,</span> <span class='ocrx_word' id='word_1_206' title='bbox 255 3695 292 3760; x_wconf 90' lang='lat' dir='ltr'>de</span> <span class='ocrx_word' id='word_1_207' title='bbox 320 3694 504 3778; x_wconf 77' lang='lat' dir='ltr'>calumnia),</span> <span class='ocrx_word' id='word_1_208' title='bbox 525 3714 582 3762; x_wconf 89' lang='lat' dir='ltr'>neo</span> <span class='ocrx_word' id='word_1_209' title='bbox 604 3696 643 3761; x_wconf 86' lang='lat' dir='ltr'>ud</span> <span class='ocrx_word' id='word_1_210' title='bbox 671 3697 777 3781; x_wconf 84' lang='lat' dir='ltr'>gravia</span> <span class='ocrx_word' id='word_1_211' title='bbox 799 3699 831 3763; x_wconf 90' lang='lat' dir='ltr'>et</span> <span class='ocrx_word' id='word_1_212' title='bbox 853 3695 979 3778; x_wconf 88' lang='lat' dir='ltr'>antiqua</span> <span class='ocrx_word' id='word_1_213' title='bbox 1000 3692 1125 3771; x_wconf 87' lang='lat' dir='ltr'>menda,</span> 
     </span>
    </p>
   </div>
   <div class='ocr_carea' id='block_1_6' title="bbox 94 3989 1124 4140">
    <p class='ocr_par' dir='ltr' id='par_1_6' title="bbox 94 3989 1124 4140">
     <span class='ocr_line' id='line_1_31' title="bbox 94 3989 1124 4055; baseline 0 -10"><span class='ocrx_word' id='word_1_214' title='bbox 94 3991 117 4055; x_wconf 90' lang='lat'>¹)</span> <span class='ocrx_word' id='word_1_215' title='bbox 136 3990 251 4045; x_wconf 85' lang='lat' dir='ltr'>Lneiani</span> <span class='ocrx_word' id='word_1_216' title='bbox 271 3990 392 4044; x_wconf 86' lang='lat' dir='ltr'>oodioum</span> <span class='ocrx_word' id='word_1_217' title='bbox 410 3991 604 4045; x_wconf 81' lang='lat' dir='ltr'>Marcianorum</span> <span class='ocrx_word' id='word_1_218' title='bbox 623 3991 753 4047; x_wconf 71' lang='lat' dir='ltr'>lectiones</span> <span class='ocrx_word' id='word_1_219' title='bbox 767 3990 855 4047; x_wconf 88' lang='lat' dir='ltr'>edidit</span> <span class='ocrx_word' id='word_1_220' title='bbox 873 3993 895 4047; x_wconf 91' lang='lat'>1.</span> <span class='ocrx_word' id='word_1_221' title='bbox 916 3989 1124 4047; x_wconf 85' lang='lat' dir='ltr'>Sommerbrodt.</span> 
     </span>
     <span class='ocr_line' id='line_1_32' title="bbox 129 4081 348 4140; baseline 0 -4"><span class='ocrx_word' id='word_1_222' title='bbox 129 4081 251 4138; x_wconf 82' lang='lat' dir='ltr'>Betolini</span> <span class='ocrx_word' id='word_1_223' title='bbox 270 4087 348 4140; x_wconf 88' lang='grc'><strong>1861.</strong></span> 
     </span>
    </p>
   </div>
   <div class='ocr_carea' id='block_1_7' title="bbox 0 0 1294 4530">
    <p class='ocr_par' dir='ltr' id='par_1_7' title="bbox 0 0 1294 4530">
     <span class='ocr_line' id='line_1_33' title="bbox 0 0 1294 4530; baseline 0 2"><span class='ocrx_word' id='word_1_224' title='bbox 0 0 1294 4530; x_wconf 95' lang='lat' dir='ltr'> </span> 
     </span>
    </p>
   </div>
  </div>
 </body>
</html>
