2580 4530
571 270 633 327 Lib.
651 270 703 326 ΙΙΙ.
1064 269 1136 341 329,

111 470 284 536 adiunctum
298 469 346 547 ,ad
369 461 513 556 σχόντες,
539 471 619 554 quod
641 490 710 537 enm
732 465 901 559 α’νήγσνσσ
925 470 1168 555 coniungendam

109 578 277 644 necessario
299 577 408 642 fuerat.
956 564 959 573 ’

200 685 270 750 Lib.
293 684 366 763 VII,
389 683 439 764 13,
462 685 497 747 3:
524 689 556 751 οἱ
585 688 650 768 μὲν
677 679 731 750 ἐπ’
760 679 969 770 αὐτομολίας
996 676 1166 769 προφάσει

108 783 320 876 α’πέρχονται.
361 787 578 855 '’Scribendum
611 790 748 856 videtur:
791 785 843 855 ἐπ’
883 793 1171 877 αἰχμαλωτιάς

107 890 286 984 προφάσει.
332 896 597 981 'Transfngiebant
623 896 662 961 ad
692 897 796 962 hostes
827 897 929 979 speeie
969 898 1169 980 captivorum,

107 1007 210 1087 captes
236 1022 271 1070 se
295 1002 459 1086 fingentes·
505 1001 657 1067 Diodorus
680 1006 711 1066 et
732 1003 915 1068 Plutarchus
938 1004 1170 1089 αἰχμαλωσίαν

107 1110 253 1175 seribnnt

203 1216 273 1282 Ibd.
296 1217 347 1293 25,
369 1216 404 1279 4:
422 1220 463 1280 eu
485 1240 522 1279 τε
545 1215 613 1280 τών
634 1209 769 1281 ἅκοίτων
791 1206 1170 1299 ὦνενονοῖναδοιίμενοι

106 1315 185 1396 τούς
214 1314 385 1404 σταυροιίς
414 1323 468 1386 καί
494 1314 643 1387 α’νέκλων
670 1324 726 1388 καί
754 1323 1081 1409 κατακσλνμβώντλς
1103 1326 1171 1398 ἐξὲ-

107 1453 220 1514 πρισν.
278 1429 329 1493 Ad
351 1429 526 1494 evellendos
558 1430 654 1495 valles
680 1447 742 1494 non
774 1430 911 1512 scaphis,
934 1430 973 1494 ad
1003 1450 1072 1508 eam
1102 1449 1168 1494 rem

106 1534 230 1618 ineptis,
250 1534 309 1600 sed
330 1553 375 1610 ea,
409 1555 502 1618 qnam
535 1538 574 1601 ob
601 1536 680 1600 hane
700 1536 801 1618 ipsam
823 1555 949 1615 eausam
978 1536 1172 1620 Thucydides

106 1641 313 1726 superioribus
346 1642 448 1707 verbis
478 1641 654 1724 descripsit,
689 1659 766 1705 nave
786 1643 835 1706 nsi
861 1643 934 1706 sunt
954 1643 1171 1712 Athenienses,

109 1766 180 1813 enm
200 1747 292 1813 funes
313 1747 405 1812 vallis
418 1747 545 1812 iniectos
568 1748 748 1832 alligassent
768 1749 807 1812 ad
828 1748 914 1813 navis
935 1748 1056 1829 partem
1078 1747 1108 1812 ei
1127 1746 1173 1812 rei

108 1856 230 1938 aptam3
253 1871 291 1919 ea
313 1855 400 1918 erant
421 1854 523 1935 eapite
544 1855 760 1918 antennarum:
785 1859 820 1918 ἐκ
836 1853 904 1919 τῶν
926 1849 1172 1935 κεράτων...

107 1953 351 2045 α’ναδοτίμενοι.

205 2066 275 2132 Ibd.
308 2067 367 2144 28,
402 2066 422 2128 3
451 2064 665 2147 ‘scribendum'
689 2069 751 2132 est:
790 2068 845 2131 καί
879 2062 940 2132 τόν
973 2058 1172 2151 παράλογον

107 2174 273 2241 τοσοῦτον
308 2173 453 2256 ποιῆσαι
498 2185 570 2244 τοῖς
604 2167 750 2258 Ἕλλησι
795 2175 856 2256 τῆς
901 2165 1078 2258 δυνάμεως
1116 2173 1170 2237 καλ

108 2277 249 2364 τόλμης,
278 2274 368 2346 ὅσοι
397 2284 462 2361 (pro
489 2274 584 2357 ὅσον)
614 2272 686 2344 κατ’
716 2272 821 2365 α’ρχσίς
856 2281 920 2347 τοὺ
952 2283 1105 2363 πολλ’μόν
1140 2283 1171 2343 οἱ

108 2394 171 2472 μὲν
193 2381 366 2469 ἐνιαυτόν,
391 2392 422 2452 οἱ
446 2388 480 2452 δὲ
503 2378 563 2451 (λεία
661 2378 816 2470 ἐνόμιζον
830 2389 1016 2472 περιοίσειν
1031 2381 1171 2459 αὐτούς,
1266 2377 1267 2380 ¹

108 2502 138 2561 εἰ
160 2501 192 2561 οἱ
210 2486 487 2577 Πελοποννήσιοι
511 2488 687 2575 ἐσβάλοιεν
712 2499 746 2565 ἐς
767 2490 832 2579 τήν
852 2487 976 2581 χώραν,
1000 2490 1083 2559 ὥστε
1107 2501 1172 2558 ε”τει

109 2593 380 2685 ἑπτακαιδεκάτῳ
409 2646 416 2660 .
441 2648 448 2661 .
474 2646 482 2663 .
513 2590 627 2684 ἦλθον
660 2606 693 2671 ἐς
726 2603 893 2668 Σικελίαν.
937 2603 1016 2666 Tum
1048 2601 1173 2664 demum

108 2713 231 2776 rentum
253 2709 334 2773 esset
356 2702 453 2784 ὅσον,
487 2707 514 2770 si
543 2706 586 2771 sie
606 2707 704 2771 oratio
734 2709 924 2775 conformata
950 2710 1046 2774 esset:
1078 2706 1173 2783 ὅσον,

109 2818 250 2882 ἐκείνων
272 2805 345 2880 κατ’
368 2807 473 2899 α’ρχιίς
497 2861 505 2876 .
526 2866 532 2879 .
553 2863 560 2876 .
584 2807 804 2896 νομιζόντων,
829 2862 836 2878 .
857 2864 884 2879 ..
910 2822 942 2888 ἐς
964 2811 1028 2900 τήν
1050 2809 1172 2901 χώραν,

109 2933 174 2989 ἔτει
198 2914 472 3005 ἑπτακαιδεκάτῳ
497 2968 505 2982 .
529 2969 536 2982 .
560 2971 567 2984 .
590 2911 714 3004 ἦλθον.

208 3029 276 3095 Ibd.
290 3028 340 3105 31,
363 3020 602 3112 διαγγέλλων,
626 3025 677 3092 ὅτι
707 3032 737 3091 οἱ
762 3027 863 3090 πέντε
886 3027 940 3090 καὶ
965 3029 1069 3090 εἴκοσι
1092 3029 1173 3111 νῆες

109 3138 177 3202 τῶν
199 3134 403 3219 Κορινθίων
424 3139 460 3198 αἱ
476 3133 590 3217 σφίσιν
606 3127 846 3216 α’νθσρμοιίσαι
864 3129 941 3197 οὔτε
969 3129 1172 3197 καταλύοντι

109 3238 169 3309 τόν
191 3237 348 3324 πόλεμον
370 3255 558 3326 ναυμαχεῖν
579 3267 616 3306 τε
637 3243 828 3325 μέλλουσιν.
872 3235 1089 3304 Καταλείονοι
1113 3234 1174 3302 τσίν

111 3343 267 3434 πόλεμον
288 3366 349 3411 non
371 3365 475 3426 naves,
497 3348 552 3412 sed
574 3348 714 3412 civitates
735 3365 842 3429 panem
863 3346 1019 3410 facientes
1072 3343 1173 3408 Conon

111 3455 275 3532 nuntiavit,
297 3471 390 3517 naves
413 3454 470 3518 sibi
491 3453 663 3536 oppositae,
690 3473 769 3531 non,
802 3452 880 3536 quod
902 3453 1086 3534 speraverat,
1107 3450 1174 3515 ¹sta-

111 3563 190 3627 tione
214 3559 379 3635 decede103
408 3558 441 3622 id
468 3561 516 3624 est
543 3553 724 3624 καταλύειν
751 3556 816 3644 τήν
838 3550 999 3643 φρουράν,
1021 3552 1086 3641 τήν
1108 3581 1173 3641 φν-

111 3659 218 3751 λακήν
251 3666 307 3729 ant
334 3665 517 3746 simpliciter
550 3659 732 3731 καταλύειν
768 3667 869 3747 (portu
897 3664 1050 3747 repet‘toi.
1104 3663 1174 3726 Ma·

111 3772 348 3842 nifestisaimnm
370 3771 464 3854 igitur
484 3775 626 3837 tenemus
649 3772 892 3837 additamentum
914 3769 1044 3835 hominis
1065 3772 1096 3835 in
1118 3771 1174 3834 hoe

111 3879 194 3944 verbi
216 3896 276 3942 usn
297 3878 478 3942 aberrantis.
524 3877 598 3955 (Cin.
621 3877 660 3941 ad
683 3877 739 3953 ΙΙΙ,
762 3877 874 3952 1252.)

210 3983 279 4048 lbd.
304 3983 353 4058 36,
378 3985 413 4046 5:
443 3986 495 4072 Τῇ
518 4011 554 4049 τε
578 3980 745 4068 πρότερον
767 3975 906 4065 ἀμαθία
928 3981 1174 4063 τῶνκνβερνη-

112 4091 178 4155 τῶν
202 4082 350 4175 δοκούσῃ
372 4089 473 4164 εἶναι,
497 4086 533 4154 τό
558 4083 772 4174 α’ντίπρῳρον
805 4088 1017 4172 ξνγκροὺοαι,
1040 4075 1175 4168 μάλιστ’
