2580 4530
551 291 612 347 Lib.
631 293 656 348 Ι.
1021 295 1091 357 “149
1197 342 1201 359 ι

62 491 96 552 nt
117 491 304 571 appareret,
337 509 433 574 quam
461 490 598 557 mirabili-
620 492 1038 580 inepteque-interpungendi
1058 496 1134 560 arti·

60 596 129 660 licio
151 595 203 660 vir
224 597 403 680 perdoctus,
428 596 485 663 sed
503 596 608 661 iudicii
628 597 661 662 in
674 619 708 664 rs
722 601 828 666 critice
847 602 1003 667 interdum
1023 621 1133 691 parum

60 701 152 766 liberi
174 705 211 767 et
233 702 329 781 firmi,
345 701 396 767 M.
418 702 572 784 Hertuius,
593 723 764 786 pronomen
785 707 850 790 qui
869 708 962 792 (quod
982 709 1036 774 elii
1056 709 1133 773 sirn-

58 807 185 888 plicitcr
219 808 363 887 eiiciunt)
403 809 486 875 tueri
517 811 643 875 conatus
675 814 757 878 esset
789 813 867 899 (qui
891 862 900 879 .
923 860 930 875 .
954 862 962 878 .
983 802 1131 881 nobi-les

58 917 172 978 erant
195 960 273 991 ...‚
297 916 478 980 Socrates
501 964 508 980 .
530 967 536 980 .
558 964 565 980 .
587 915 685 996 fuit).
729 918 791 983 Sed
812 920 918 984 menet
938 919 1019 993 ultm
1039 920 1133 985 fidem

58 1039 208 1101 perversa
229 1021 410 1106 argumenti
431 1021 566 1087 conclusi
593 1023 776 1107 significatio
802 1025 1004 1107 initaque.
1058 1025 1131 1090 (iel-

56 1125 115 1190 lius
142 1127 327 1210 scripserat:
375 1122 517 1192 Hostes
545 1126 634 1191 tunc
660 1131 793 1211 populi
814 1131 971 1199 Romani
997 1130 1132 1197 fuerunt

55 1231 274 1298 Fidenates
295 1232 464 1318 AEquique.
512 1232 555 1296 In
576 1233 646 1298 hoc
668 1235 836 1317 tempore
857 1236 1007 1301 nobiles
1030 1239 1130 1302 ccle-

55 1338 231 1421 bresque
270 1341 381 1404 erant
413 1337 619 1433 Sophocles
654 1389 661 1405 .
694 1389 737 1406 ..
772 1340 1019 1408 Democritus

57 1443 247 1511 Socrates
269 1445 328 1511 cet
359 1429 700 1528 Plusquamperiectum
712 1464 811 1528 neque
822 1458 877 1528 per
893 1444 933 1512 se'
941 1466 1039 1532 neque
1049 1448 1131 1514 inter

56 1550 211 1630 perfecta,
233 1570 303 1634 quse
326 1551 505 1634 praecedunt
525 1553 558 1616 et
578 1555 754 1635 sequuntur,
775 1551 848 1616 ferri
868 1553 998 1635 poterat

161 1656 253 1740 (XL)
274 1657 368 1740 Apud
389 1658 497 1740 poetas
519 1678 624 1724 versus
645 1659 743 1722 latere
764 1658 851 1722 vetet
870 1656 927 1722 hcc'
948 1659 1129 1732 mendorum

55 1762 272 1844 genus,‘nisi
301 1765 355 1830 ubi
381 1784 438 1846 pro
459 1764 582 1828 nomine
603 1764 723 1847 proprio
745 1762 966 1844 appellativum
992 1754 1129 1828 eiusdem

54 1886 185 1949 prorsus
208 1880 371 1935 mensurae'
386 1871 533 1936 substitui
554 1871 663 1953 potuit.
706 1868 743 1932 Id
764 1867 882 1933 fectum
908 1869 957 1932 est
976 1887 1130 1933 memora·

55 1973 112 2036 bili
151 1975 296 2055 exemplo
332 1976 416 2058 apud
441 1976 580 2041 Statium
606 1975 680 2040 Silv.
707 1973 747 2049 Π,
771 1977 799 2048 6,
823 1973 876 2047 64,
905 1975 958 2039 ubi
986 1974 1128 2040 Flavium

55 2077 178 2143 Ursum
201 2081 414 2157 calamitates,
441 2077 476 2145 si
496 2099 563 2163 quse
589 2078 712 2162 praediis
733 2079 941 2161 fructibusque
964 2081 1035 2163 eius,
1049 2078 1127 2144 inci-

54 2183 200 2260 dissent,
227 2176 350 2252 fortiter
371 2188 506 2252 laturum
528 2185 622 2251 luisse
643 2186 688 2250 itu
717 2184 861 2266 affirmat,
889 2186 925 2249 ul
945 2187 1038 2251 simul
1057 2205 1128 2270 pos·
1158 2186 1160 2191 ’

54 2290 216 2356 sessiones
246 2312 299 2374 per
327 2311 432 2357 omnes
464 2293 563 2357 lteliae
591 2293 695 2374 partes
723 2292 754 2355 ct
788 2310 842 2374 per
868 2292 1037 2374 provincias
1063 2293 1126 2359 late

54 2417 187 2478 sparsas
211 2398 382 2463 adulatorie
402 2400 616 2480 persequatur:
967 2387 971 2400 ”

183 2501 224 2579 0,
244 2523 336 2585 quam
361 2505 475 2570 divitiis
498 2523 649 2586 censuque
672 2506 779 2566 exutus
801 2503 901 2586 opimo

183 2608 314 2687 Fortior,
336 2611 425 2685 Urse,
448 2611 543 2686 fores3
566 2610 594 2674 si
614 2609 663 2673 vel
683 2608 822 2674 fumante
840 2611 928 2674 ruine

183 2716 404 2789 Ruetassent¹l
426 2717 504 2780 dites
526 2715 680 2779 Vesuvina
700 2715 841 2781 incendia
862 2717 973 2782 Locros

185 2819 247 2883 Seu
268 2822 461 2886 Pollentinos
486 2822 665 2885 mersissent
686 2821 812 2884 flumine
833 2822 940 2898 saltus,

184 2923 246 2988 Seu
268 2929 409 2992 Lucanus
432 2938 504 3011 eger
527 2947 581 2991 seu
603 2927 765 3010 Thybridis
787 2928 920 3008 impetus
944 2928 1022 2993 altas

185 3031 224 3092 Iu
246 3030 388 3095 dextrum
410 3032 551 3098 torsisset
572 3053 676 3115 aquus,
699 3036 838 3114 peterere
860 3052 967 3098 serene
994 3070 997 3077 ,

187 3135 298 3201 Fronte
320 3139 421 3218 deos..

60 3242 190 3307 l'csuvii
213 3243 354 3307 incendia
377 3247 408 3308 et
422 3242 550 3308 flumina
564 3243 748 3307 exundantia
768 3242 840 3327 quid
862 3245 893 3307 in
915 3247 996 3328 agris
1019 3244 1125 3310 vicinis

61 3350 209 3422 efficiant,
241 3349 404 3432 intellego;
448 3349 520 3433 quid
557 3367 631 3431 eger-
651 3350 792 3413 Lucanus
825 3368 933 3413 nocere
960 3352 1026 3430 ipse
1057 3348 1126 3413 aliis

62 3456 168 3534 possit,
193 3474 317 3536 prorsus
341 3472 400 3518 non
422 3455 566 3537 intellego
588 3473 625 3518 ac
646 3474 684 3519 ue
705 3454 739 3518 id
760 3456 882 3536 quidem
903 3455 1000 3528 vides,
1022 3457 1126 3518 utrum

62 3581 133 3643 ager
156 3578 297 3642 mergere
325 3560 422 3623 saltus
451 3559 497 3637 (ut
519 3561 718 3644 coniungatur
742 3579 812 3624 cum
835 3560 1053 3639 superioribus)
1078 3580 1125 3633 en,

63 3673 94 3729 ut
117 3667 251 3741 Tiberis,
272 3669 414 3746 torquere
438 3685 531 3749 eques
554 3687 623 3732 suas
650 3668 782 3740 dicatum
812 3663 940 3727 tertium
961 3664 1038 3727 nihil
1059 3683 1126 3731 esse

66 3841 185 3848 ..—-.
194 3840 264 3846 ..---

92 3915 115 3979 ¹)
133 3915 193 3969 Hoc
211 3931 306 3968 verum
326 3929 382 3967 esse
401 3912 504 3980 nequit.
548 3913 680 3966 Vesuvius
698 3913 817 3966 flammas
841 3913 943 3976 ructat,
968 3930 1022 3969 non
1041 3916 1127 3970 urbes

131 4007 340 4061 vastassent
359 4007 468 4074 vulgare
487 4009 528 4059 est
545 4023 593 4074 pro
605 4006 687 4060 Statii
705 4004 813 4072 ingenio
832 4006 860 4057 et
878 4004 986 4074 longius
1004 4007 1127 4063 discedit.

130 4099 234 4168 Opiuor
253 4101 386 4168 scriptum
404 4100 487 4153 fuisse
505 4100 712 4168 raptassent.
