2580 4530
545 312 605 368 Lib.
624 317 645 369 1.
1024 308 1083 369 117

41 505 188 571 luvenalis
210 506 281 584 XI,
309 510 365 585 12,
393 505 577 594 egregius
601 509 807 589 comparativo
827 508 925 594 gradu
945 509 1125 574 adverbium

45 611 141 692 posuit
164 611 392 702 [Egregior
405 611 584 678 Lucretium
607 612 718 678 dixisse
739 615 846 679 notum
868 617 929 691 ost;
951 615 1012 680 vid.
1035 616 1125 680 Nouii
1258 684 1262 693 ,

48 716 566 800 lateinischeFormenlehrch.
581 717 645 795 81.)
684 718 791 784 Tacito
803 721 987 805 adiungatur
999 720 1124 796 Seneca,

51 823 92 904 uui
110 824 205 905 epist.
234 825 292 901 26,
316 826 337 889 8
361 825 502 892 debitam
522 824 639 889 Lucilro
662 843 697 889 ex
717 827 870 907 promisso
891 829 922 891 in
944 847 1125 910 unaquaque

53 929 171 1011 epistola
207 933 345 997 acutam
382 934 415 996 et
447 931 559 996 honam
596 930 759 1012 superioris
793 932 920 998 alicuius
955 932 1126 1014 philosophi

55 1053 155 1110 rocem,
179 1055 267 1118 quas
288 1037 420 1119 posthac
432 1055 466 1101 se
478 1055 496 1100 a
509 1035 617 1101 Stoicis
633 1039 827 1119 sumpturum
841 1038 924 1113 dicit
948 1026 1125 1120 ahEpicuro

56 1159 168 1206 armeus
192 1142 244 1206 sic
267 1142 394 1216 scribit,
424 1142 452 1205 si
474 1141 591 1206 codices
615 1141 786 1225 sequimur:
830 1142 998 1208 Interim
1026 1161 1126 1207 oom-

57 1245 228 1311 nodabit
244 1246 457 1330 Epicurus,
481 1248 544 1331 qui
565 1247 636 1312 ait:
658 1247 852 1312 Meditare
873 1250 1034 1314 mortem
1054 1250 1126 1326 vel,

58 1357 82 1419 si
105 1354 357 1423 commodius
388 1353 460 1428 sit,
492 1352 660 1418 transire
692 1350 738 1418 ad
768 1371 849 1418 nos.
913 1354 982 1419 Hic
1014 1356 1127 1439 patet

59 1481 197 1529 seusus.
267 1458 443 1544 Egregia
482 1477 545 1525 res
583 1460 644 1523 est
681 1465 842 1524 mortem
882 1461 1124 1538 condiscere;

58 1567 185 1634 lluasius
215 1566 393 1634 transire
424 1563 472 1628 ad
504 1563 609 1628 divos
640 1563 758 1646 posuit,
790 1549 956 1648 Epicurum
974 1586 1014 1647 *ex
1035 1569 1125 1634 atheo

59 1676 84 1737 et
101 1674 264 1739 acerrimo
292 1670 538 1737 immortalitatis
560 1659 734 1734 animorum
757 1670 948 1747 adversario,
980 1672 1032 1755 qui
1058 1674 1125 1747 sirit

58 1797 143 1863 prope
168 1779 387 1845 Christianum
410 1775 561 1851 efficiens3
589 1794 662 1839 nam
687 1779 816 1852 veteres,
841 1778 893 1860 qui
916 1779 1035 1844 animos
1056 1780 1125 1860 post

59 1886 189 1949 nortem
219 1903 348 1950 manere
375 1883 559 1964 censebant,
589 1885 628 1950 ad
656 1885 741 1949 divos
771 1886 877 1949 tamen
906 1884 1035 1949 transire
1064 1903 1124 1964 non

59 1989 211 2066 dicebant
235 1989 298 2054 nisi
311 1989 371 2072 qui,
394 1989 432 2052 ut
442 1975 591 2055 Hercules
609 1991 641 2054 ct
653 1990 748 2055 Liber¹
758 1991 846 2072 pater
864 1990 1125 2073 imperatoresque
1204 2069 1206 2073 Ι

58 2095 196 2171 Romani,
228 2094 296 2160 deis
314 2095 569 2161 adscriberentur.
615 2095 675 2161 Sed
698 2098 821 2171 tamen,
849 2096 876 2161 si
897 2096 963 2160 haec
984 2115 1055 2179 pars
1078 2097 1126 2162 est

58 2203 179 2288 Epicuri
197 2201 375 2276 sententia,
398 2200 445 2265 ad
467 2219 534 2265 nos
556 2221 679 2271 sensum
700 2221 762 2268 non
781 2203 905 2277 habere
925 2203 1122 2267 manifestum

59 2313 115 2386 est;
142 2327 204 2372 nec
228 2307 313 2372 ullus
334 2306 466 2372 omnino,
482 2308 677 2373 transitus
703 2328 774 2373 cum
796 2309 903 2374 mortis
925 2309 1124 2375 meditatione

59 2415 200 2498 coniungi
222 2413 336 2495 potest.
389 2411 565 2478 Ridiculum
595 2416 689 2478 etiam
715 2415 747 2479 in
769 2414 856 2498 gravi
884 2415 922 2479 de
944 2435 1066 2480 summa
1092 2436 1124 2481 re

59 2523 209 2604 precepto
235 2519 329 2583 illud:
353 2519 386 2584 si
409 2521 642 2585 commodius
666 2521 732 2596 sit,
760 2522 905 2585 soloecum
924 2522 1072 2603 praeterea
1093 2521 1125 2586 in

61 2630 103 2690 sit
128 2645 191 2709 pro
224 2627 294 2689 est.
347 2624 453 2688 Nihilo
482 2627 594 2691 melius
620 2627 674 2690 illa
710 2627 939 2710 perspicuitatis
966 2630 1125 2693 sententiae

61 2733 116 2797 hus
130 2733 195 2811 (sic
209 2731 295 2794 enim
307 2731 408 2813 accipi
420 2732 522 2808 debet,
539 2733 598 2797 etsi
608 2733 753 2797 inusitate
766 2732 903 2809 dicitur):
926 2733 998 2797 Hic
1019 2737 1126 2817 patet

61 2858 197 2905 sensus
228 2836 436 2919 interponitur
455 2838 527 2902 ante
554 2857 666 2902 novam
689 2838 825 2902 ciusdem
850 2839 1009 2904 sententiae
1030 2842 1126 2907 inter·

61 2946 276 3028 pretationem.
325 2943 374 3005 Ne
395 2943 450 3005 illa
471 2942 592 3025 quidem
613 2944 696 3008 recta
719 2946 766 3007 est
788 2945 972 3009 substantivi
1002 2948 1034 3010 et
1056 2948 1125 3011 inli-

61 3051 196 3117 11111111
221 3050 378 3114 sententia
400 3050 533 3114 breviter
554 3049 695 3131 ponenda
715 3049 906 3115 coniunctio:
938 3052 1125 3117 Meditare

60 3160 221 3224 mortem
251 3154 315 3219 vel
341 3203 347 3215 .
372 3204 379 3219 .
404 3206 410 3219 .
439 3157 617 3220 transire.
671 3154 731 3219 Sed
759 3155 834 3220 nihil
862 3175 936 3240 opus
964 3161 1012 3223 est
1038 3159 1126 3240 plura

61 3263 226 3331 accusandi
250 3279 344 3326 causa
366 3260 481 3338 dicere3
512 3262 591 3326 illud
613 3262 760 3339 dicamus,
787 3262 869 3326 inter
890 3257 965 3327 dua's
988 3263 1124 3328 eiusdem

61 3371 221 3438 :ententiae
243 3368 374 3432 formas:
420 3366 609 3445 Meditare
632 3368 795 3432 mortem
824 3369 856 3431 et
877 3368 1045 3451 Egregia
1067 3386 1124 3431 res

60 3481 108 3543 est
128 3497 176 3542 m.
201 3495 231 3541 c.
260 3473 339 3537 nihil
359 3491 415 3554 per
435 3473 504 3537 illas
528 3491 617 3539 voces
639 3474 716 3549 vol,
743 3474 779 3537 si
804 3472 1039 3537 commodius
1063 3472 1124 3551 sit,

60 3581 207 3666 interponi
231 3598 332 3662 posse,
354 3578 415 3642 nisi
437 3578 516 3661 quod
533 3578 574 3642 ad
587 3578 851 3661 interpretationis
862 3577 1019 3660 utriusque
1041 3596 1125 3641 com-

60 3688 253 3767 parationem
286 3684 457 3767 pertineat,
493 3686 524 3749 et
551 3684 606 3748 illa
644 3686 820 3750 transire
850 3682 895 3748 ad
927 3701 991 3747 nos
1025 3682 1124 3765 ipsam

60 3793 293 3858 translationem
328 3790 443 3855 Graecae
482 3791 642 3856 sententiae
681 3791 719 3855 ad
733 3792 902 3855 ‘Romanos
944 3789 1125 3873 significare.

60 3897 163 3964 forma
194 3895 344 3962 orationis
380 3895 477 3976 qualis
505 3880 608 3975 fuerit,¹
640 3898 705 3979 ipsc
737 3894 874 3961 ostendit
897 3893 1012 3960 Seneca
1038 3897 1125 3978 epist.

60 4005 101 4078 13,
125 4006 155 4078 9,
184 4004 220 4068 in
251 4001 362 4066 eadem
392 3999 522 4083 duplicis
548 3977 809 4085 interpretationis
838 4003 1061 4084 comparatione
1084 4003 1126 4068 sic

60 4113 211 4177 scribens:
253 4107 469 4172 Molestum
501 4109 561 4175 est
593 4125 745 4188 semper
770 4107 893 4171 vitam
928 4109 1124 4173 inchoare.
