2580 4530
160 253 221 315 344
236 298 238 304 ,
577 250 639 306 Lib.
658 249 711 305 111.

117 445 196 523 τούς
218 443 400 535 Ἀρκάδας,
429 454 459 516 εἰ
481 443 730 534 ἀμφοτέρωθεν
752 452 973 534 πολεμοῖντο.
1012 450 1084 515 Non
1107 469 1176 534 age-

116 558 206 623 batur
228 556 266 622 de
287 555 517 639 intercipiendis
529 554 712 633 Arcadibus,
734 557 789 622 sed
810 557 849 622 de
874 555 1047 634 efficiendo,
1069 560 1105 621 ut
1125 557 1177 620 de-

116 660 262 724 sisterent
292 660 331 725 ab
352 661 435 727 Eleis
467 661 622 726 vexandis.
664 656 876 729 'Scribendum
902 663 1039 728 videtur:
1073 657 1178 734 οὗτος

117 760 162 829 οἷν
182 762 333 850 μάλιστα
362 759 383 830 α’
390 791 497 831 ποκα
505 779 603 852 μεῖν
625 763 707 840 τούς
728 761 898 854 Ἀρκάδας
920 767 1098 852 (fatigatum
1119 769 1178 848 iri).

215 872 283 939 lbd.
296 873 325 951 5,
347 874 366 935 2
388 874 484 953 oratio
503 874 548 938 sic
561 872 820 958 interpungenda:
856 875 898 942 Ti
919 871 985 962 yu'p
1008 871 1051 959 δή
1076 878 1179 940 πολε-

115 992 194 1060 μεῖν
215 973 308 1062 ἡμᾶς
328 973 515 1065 βούλονται
523 967 576 1062 ςῆ
599 981 665 1062 (pro
687 973 722 1064 ἢ)
745 987 802 1046 ἵνα
826 1008 888 1060 -,·
954 1025 958 1031 -

198 1071 375 1151 ἨοΙΙοοίοο
402 1085 550 1169 excipient
571 1084 644 1168 Gyri
672 1085 885 1174 expeditionis
912 1086 992 1165 libri,
1014 1089 1047 1152 in
1070 1089 1178 1170 quibus

118 1211 217 1276 neque
238 1193 338 1258 multa
374 1197 406 1259 et
440 1193 585 1274 pleraque
623 1209 718 1274 parva
752 1191 864 1279 addere
895 1192 981 1275 potui
1006 1194 1179 1259 ceterorum

118 1300 207 1372 curis,
231 1299 283 1381 qui
305 1318 354 1364 eos
366 1317 463 1382 nuper
473 1296 565 1362 multi
575 1298 757 1376 tractarunt,
779 1299 919 1363 nonnulli
940 1299 1064 1381 quidem
1087 1302 1177 1383 paulo

118 1405 254 1492 severius
276 1407 308 1469 et
339 1405 488 1470 curiosius
512 1403 616 1468 omnia
636 1403 801 1488 erigentes.
844 1403 989 1470 Codicum
1012 1405 1179 1474 discrimen

115 1511 205 1594 paulo
230 1511 341 1575 certius
363 1512 420 1587 est,
442 1510 487 1575 ita
507 1509 611 1600 tamm
628 1506 663 1572 ut
677 1508 819 1587 meliores
840 1511 952 1594 praeter
973 1511 1074 1577 multa
1095 1532 1178 1596 com-

10 1611 11 1615 ’
114 1616 221 1681 munia
241 1616 352 1682 menda
374 1619 405 1682 et
426 1616 566 1699 quaedam
588 1615 709 1699 propria
730 1619 777 1694 (ut
792 1617 829 1692 V,
852 1619 882 1695 7,
905 1619 955 1694 22,
976 1616 1046 1694 VH,
1071 1621 1101 1699 6,
1125 1623 1177 1698 41)

114 1723 208 1787 etiam
219 1710 488 1805 interpolationem
501 1741 588 1787 suam
609 1722 744 1787 habeant
765 1723 814 1800 (V,
838 1711 869 1800 7,
890 1723 930 1786 26
951 1724 1178 1790 annotationem

114 1848 134 1893 e
152 1830 307 1913 margine,
334 1829 491 1913 scriptoris
521 1829 636 1912 aliquot
664 1828 762 1895 verbis
785 1829 938 1906 omissis),
971 1830 1002 1893 et
1023 1833 1060 1895 ut
1079 1831 1112 1894 in
1134 1853 1177 1907 eo,

113 1935 165 2017 qui
174 1936 413 2017 praeterceteros
428 1934 552 2015 eminet,
574 1933 742 2002 Parisiensi
763 1935 810 2014 (O)
832 1936 1049 2029 vestigiavari
1070 1956 1178 2002 rasura

113 2044 144 2105 et
165 2041 299 2106 seorsnda
321 2060 430 2105 manus
452 2059 532 2124 saepe
554 2039 740 2105 subtraxerit
761 2042 815 2106 aut
838 2041 1010 2131 obscurarit
1033 2044 1081 2121 (ut
1098 2044 1124 2119 Ι,
1148 2044 1177 2116 9,

114 2147 163 2220 29,
184 2147 237 2210 ubi
257 2147 342 2210 tenui
362 2140 481 2210 iudiciofl
496 2145 673 2210 Diudorfius
696 2147 817 2231 egregie
839 2166 912 2212 usus
935 2150 1006 2225 est).

211 2252 278 2316 Lib.
301 2252 326 2325 Ι,
350 2251 380 2326 5,
405 2251 462 2334 11;
484 2319 486 2325 ,
506 2224 787 2335 Ἀικφιέ.οέάντων
815 2253 850 2318 dc'
872 2279 904 2317 cr
929 2253 1084 2317 ἐνοαὺθα
1108 2254 1176 2315 τοῖν

112 2384 148 2422 τε
172 2360 234 2423 τοὺ
259 2350 418 2429 Μένωνος
432 2359 652 2438 ,στρατιωτῶν
682 2360 736 2423 καὶ
769 2360 838 2424 τών
867 2359 930 2424 τοῦ
954 2351 1175 2445 Κλεάρχοοό

63 2504 65 2509 ·
111 2468 282 2550 Κλέαρχος
320 2462 436 2546 κρίνας
477 2457 606 2529 dornoso
642 2459 705 2529 τόν
742 2465 803 2529 τοὺ
837 2452 1000 2536 Μένωνος
1038 2463 1176 2550 πληγάς

112 2574 281 2656 ἐνέβαλεν.
324 2571 368 2633 Ex
391 2570 466 2651 ipsis
489 2571 589 2635 verbis
612 2564 685 2648 (τόν
707 2573 769 2636 τοῦ
793 2571 890 2650 Μέν.)
913 2574 1049 2654 apparet,
1075 2591 1175 2637 unum

111 2678 253 2743 Menonis
278 2675 411 2742 militem
433 2694 502 2740 curn
533 2695 592 2742 uno
611 2677 751 2742 Clearchi
770 2677 921 2762 litigasse.
966 2679 1073 2760 ltaque
1098 2681 1175 2743 scri-

110 2779 257 2867 bendum:
281 2783 348 2846 τών
360 2784 396 2846 τέ
415 2806 487 2847 coo
501 2773 665 2856 Μένωνος
680 2832 687 2847 .
702 2834 729 2849 ..
746 2786 800 2848 καὶ
813 2783 879 2850 τῶν
899 2807 971 2848 ccc
984 2779 1174 2870 Κλεάρχου.

110 2883 176 2950 Νοο
197 2886 289 2952 nimis
311 2888 369 2953 hoc
399 2888 593 2973 ambiguum
629 2909 701 2954 uam
732 2891 837 2956 contra
866 2891 1120 2957 consuetudinem
1142 2894 1173 2957 in

110 2991 211 3073 prima
238 2995 394 3059 mentione
425 2995 567 3061 Menonis
595 2999 626 3061 et
654 2996 795 3061 Olearehi
827 2997 871 3077 (in
898 2998 956 3062 hac
986 2999 1173 3076 narratione)

110 3099 256 3163 articulus
280 3101 418 3179 additur,
447 3102 529 3166 recte
555 3102 639 3168 idern
672 3102 794 3168 additus
820 3104 852 3167 in
874 3105 1047 3168 narratione
1072 3105 1110 3170 de
1134 3107 1172 3170 iis

109 3206 320 3288 persequenda
343 3201 374 3286 (ὁ
389 3201 589 3294 Κλέαρχος).
634 3208 757 3273 Ordinis
778 3209 868 3273 huius
892 3214 973 3288 (τών
995 3236 1047 3283 τις
1070 3238 1172 3295 σορο-

110 3313 263 3389 τιοτών),
297 3334 388 3396 quern
410 3314 585 3379 Herodotus
606 3315 794 3398 frequentat,
830 3314 1003 3394 exemplum
1036 3337 1071 3382 ex
1105 3320 1172 3402 ipsa

110 3420 233 3484 anabasi
266 3420 321 3496 (ll,
345 3421 375 3497 5,
396 3420 449 3498 32)
484 3425 514 3486 et
547 3422 680 3485 alterum
709 3420 853 3485 Isocratis
888 3423 975 3500 posui
1013 3427 1093 3506 synt.
1118 3426 1170 3489 Gr.

110 3525 209 3606 §218
232 3545 259 3589 a.

208 3630 274 3695 lbd.
298 3633 327 3708 8,
350 3631 384 3693 5:
429 3624 583 3715 Ἀριαῖός
615 3658 651 3697 τε
685 3626 704 3695 o‘
726 3624 845 3714 Κύρου
874 3628 1037 3718 ὕπαρχος.
1087 3638 1170 3700 Prae-

108 3735 203 3799 feetos
228 3729 423 3823 (ὑπάρχους)
461 3738 562 3821 plures
591 3738 705 3822 Cyrum
732 3736 877 3801 habuisse
907 3740 1012 3815 ored03
1050 3743 1169 3807 Ariaeus

109 3842 227 3923 proprie
257 3849 471 3930 ἵππαρχος
496 3844 555 3908 fuit
590 3849 628 3919 (ο.
652 3842 680 3920 9,
704 3843 760 3906 31:
783 3844 846 3908 cor]
869 3847 1014 3910 ἱππικοῦ
1036 3845 1169 3934 ἅρχων),

110 3951 140 4011 et
161 3947 204 4011 sic
227 3967 298 4012 eum
322 3952 372 4016 hic
395 3970 515 4035 quoque
537 3950 727 4033 appellatum
750 3952 833 4034 puto.

213 4054 279 4118 lbd.
303 4056 319 4137 ᾗ
346 4057 401 4122 15:
425 4052 444 4122 o‘
467 4057 501 4123 db
524 4046 707 4139 ἐπιστήσας
730 4055 803 4121 εἷπε
828 4081 854 4119 κ.
877 4084 906 4121 τ.
930 4060 956 4121 λ.
1003 4059 1071 4123 Non
1096 4065 1169 4144 puto
