2580 4530
31 266 34 270 ’
125 318 128 323 -
197 283 256 347 140
629 282 690 339 nro.
709 283 733 339 1.

150 480 261 544 litterae
290 478 407 545 distent
433 498 453 543 a
477 479 609 548 nominis
637 481 791 564 Iignrnm'
812 479 937 563 gentilis
963 480 1062 544 forma
1087 499 1106 544 a
1133 479 1211 543 Plu-

150 584 257 650 tarcho
285 585 401 667 posita,
427 568 628 668 quisdicat?
675 586 827 669 Equidem
859 584 936 650 nihil
961 585 1000 651 de
1026 603 1061 649 eo
1082 605 1218 673 nsquam(

151 689 331 786 traditum·
347 691 481 775 repperi;
534 692 656 757 tantum
705 692 755 757 hic
797 691 935 783 positum
977 709 1002 754 -a
1046 676 1212 756 Plutarcho

149 788 249 862 firmee'
265 796 335 861 scio.
391 864 397 871 ,
625 818 628 823 ⁴
917 870 924 878 ‚
951 812 955 823 ·

183 919 193 931 ·
250 900 361 980 (XXII)
382 901 517 968 Tmnseo
527 902 567 968 ad
577 903 736 970 Plutarchi
746 903 928 985 scriptorum
950 903 1081 969 alterum
1095 921 1212 986 corpus,

150 1027 167 1071 e
189 1006 298 1090 quibus
319 1007 452 1089 primum
475 1008 627 1093 attingam
648 1009 746 1076 libelli
769 1009 807 1073 de
832 1009 953 1073 fortuna
974 1028 1000 1073 c.
1023 1009 1098 1091 4(p.
1112 1007 1151 1069 99
1164 1009 1212 1085 Β).

151 1112 204 1186 lbi,
226 1108 401 1194 exponitur,
433 1114 585 1179 artificum
612 1116 753 1197 operi'one
781 1113 951 1179 Minervam
977 1132 1121 1195 praeesse,
1153 1134 1212 1179 non

150 1219 319 1296 fortunam,
351 1236 408 1285 nec
439 1219 500 1285 nisi
525 1239 622 1285 unum
648 1220 822 1306 exemplum
848 1219 1080 1284 commemorari
1108 1219 1213 1284 huius-

151 1324 235 1389 modi
267 1324 367 1407 op'eris
400 1343 473 1389 casu
506 1325 625 1400 effectir
660 1327 814 1410 pictorem
847 1325 929 1389 enim
961 1324 1112 1408 aliquem,
1144 1345 1213 1390 enm

151 1449 262 1513 equum
290 1428 431 1513 pingeret
456 1448 514 1495 neo
537 1450 679 1514 spumam
710 1433 810 1497 frenos
837 1430 1007 1495 mordentis
1036 1432 1107 1514 apte
1133 1431 1213 1494 colo-

150 1535 234 1600 ribus
257 1535 425 1617 exprimere
448 1536 563 1618 posset,
575 1537 697 1602 iratum
716 1536 878 1620 spongiam
898 1536 931 1599 in
952 1537 1091 1602 tabulam
1116 1537 1215 1620 impe-

151 1642 248 1724 gisse;
273 1659 309 1706 ea
324 1660 441 1724 spumae
462 1641 696 1708 similitudinem
718 1643 839 1727 egregie
859 1642 1028 1724 perfectam
1050 1661 1127 1708 esse.
1171 1643 1215 1706 Ea

150 1749 283 1813 narratio
315 1747 360 1812 sic
391 1747 512 1830 incipit:
552 1743 643 1813 Ἕνα
676 1752 794 1830 μέντοι
818 1749 923 1832 φασὶν
944 1754 1068 1814 ἵππον.
1087 1754 1213 1835 ζωγρα-

151 1855 279 1937 φοῦντα
302 1867 373 1926 τοῖς
393 1857 458 1935 μὲν
480 1850 596 1928 doloro
618 1835 814 1939 uuaopdoa'aa
841 1854 944 1920 εἴδεσι
974 1855 1028 1919 καὶ
1049 1845 1213 1939 χρώμασι,

31 1981 37 2011 r
152 1962 214 2026 aod
236 1953 264 2026 ‹l'
282 1954 394 2045 α’φροὺ
416 1984 443 2024 κ.
468 1985 497 2024 a.
522 1963 552 2025 λ.
596 1959 630 2027 si
650 1959 835 2026 Plutarchus
857 1959 983 2040 artificis
1006 1979 1116 2025 nomen
1138 1963 1216 2026 omi-

152 2066 254 2144 sisset,
276 2067 358 2149 qnod
378 2065 427 2129 vir
449 2067 481 2131 in
502 2056 559 2131 tali
579 2064 684 2129 fabula
705 2066 836 2148 exempli
856 2066 921 2130 loco
948 2066 1087 2147 ponenda
1107 2066 1216 2133 fecisse

150 2172 249 2237 videri
280 2173 397 2257 potest,
433 2163 609 2259 ζώγραφόν
631 2195 708 2236 aceo
730 2172 1014 2246 commemorassem
1049 2190 1130 2237 nnnc
1156 2182 1213 2238 ἕνα

148 2277 228 2343 illud
248 2280 314 2343 tam
334 2279 438 2360 inepte
458 2278 596 2361 ponitur,
626 2277 725 2362 primo
757 2278 852 2362 etiam
878 2279 960 2354 loco,
993 2279 1214 2360 utappereat,

152 2384 210 2448 sub
231 2383 284 2448 illo
304 2384 371 2464 ipso
393 2384 519 2448 artificis
541 2402 654 2449 nomen
674 2383 781 2448 latere.
822 2383 860 2448 Id
880 2403 991 2448 nomen
1002 2382 1124 2449 Plinius
1142 2383 1214 2451 hist.

148 2491 213 2557 nat
234 2489 358 2564 XXXV,
383 2491 442 2550 l04
464 2490 615 2565 servarit3
637 2489 833 2555 scribendum
854 2491 1023 2574 igiturest:
1046 2491 1089 2556 N
1091 2487 1213 2572 εάλκη

149 2600 266 2677 μέντοι
289 2597 392 2680 paolo
416 2622 444 2661 κ.
467 2622 497 2661 a.
522 2599 551 2661 λ.
575 2596 741 2675 (Praecedit
760 2597 866 2665 littera
887 2600 941 2674 oa).

250 2702 379 2781 (XXIII)
406 2704 442 2768 In
470 2703 608 2779 convivio
637 2703 714 2784 sept
736 2721 802 2787 sep.
829 2722 855 2767 c.
879 2703 918 2769 13
939 2708 981 2784 (ρ.
1013 2704 1076 2765 155
1092 2703 1139 2780 F),
1162 2705 1214 2768 nbi

150 2807 340 2875 oditurrsic:
367 2811 421 2880 καὶ
444 2803 463 2875 o‘
485 2805 672 2884 Πιττακός,
701 2805 752 2877 Σύ
775 2811 809 2876 δέ
830 2836 881 2898 pe,
905 2806 1014 2883 altrea,
1036 2805 1143 2884 οὕτως
1164 2815 1215 2885 ἐξ·

149 2909 293 2999 ν’βρισας
316 2919 365 2987 εἰς
386 2911 448 2982 τόν
470 2910 597 2998 νόμον,
626 2914 710 2984 ὥστε
733 2923 862 3002 πέρυσι-
880 2911 944 3002 yolo
975 2917 1029 2981 acl
1052 2918 1129 2982 evol
1150 2943 1214 2997 paa-

153 3025 304 3095 dvodelo
326 3013 447 3089 deleo
463 3029 573 3091 αἰτεῖν
596 3028 648 3094 καὶ
674 3031 849 3109 στέφανον,
872 3026 934 3089 iam
953 3023 1214 3106 -Wyttenbachius

150 3127 325 3210 suspicatus
348 3134 397 3194 eet
417 3149 527 3198 nomen
549 3135 679 3200 hominis
700 3135 837 3199 subesse.
876 3112 903 3196 E
926 3130 1064 3196 codicum
1078 3129 1215 3214 uestigiis

148 3228 262 3314 (nuperi
297 3229 427 3317 ludooa'
460 3232 593 3326 α’δελφῷ
634 3261 689 3324 pre
724 3241 786 3308 illis
822 3234 886 3327 yolo
921 3239 977 3303 acl
1010 3234 1100 3318 eoos)
1136 3235 1215 3300 effici

150 3337 272 3404 videtne
305 3337 418 3425 nepo?
443 3341 688 3438 Διβουτάδῃ
715 3349 856 3433 Δελφῷ
879 3345 1086 3432 μεθυσθείς.
1133 3343 1214 3408 Nam

152 3444 196 3528 δη
217 3449 289 3511 ente
306 3453 351 3515 Ae
374 3450 490 3516 haumri
502 3453 601 3529 iacile
623 3458 730 3540 potuit
739 3457 763 3537 ¹)

250 3553 379 3634 (XXIV)
400 3557 437 3621 In
460 3558 685 3629 declamatione
714 3565 759 3629 de
773 3561 870 3649 gloria
891 3559 1125 3626 Atheniensium
1148 3573 1173 3621 c.
1196 3564 1214 3616 a

149 3662 192 3737 (p.
213 3658 276 3720 350
288 3659 334 3737 C),
356 3662 411 3728 ubi
432 3667 587 3730 oratorum
598 3667 669 3734 libri
680 3674 751 3734 cum
769 3671 987 3753 imperatorum
1009 3665 1098 3733 rebus
1119 3659 1215 3747 gestis

148 3766 379 3845 comparantur,
414 3769 495 3871 qnod
522 3771 554 3835 in
585 3775 672 3839 textu
698 3777 851 3858 patienter
882 3778 1006 3842 tenetur
1034 3773 1098 3857 oric
1120 3764 1215 3853 Ἀρι-

177 3995 200 4063 ι)
218 3997 331 4063 (lumil-
357 4001 434 4059 Rom·
459 4008 494 4062 90
512 4008 583 4076 qnod
607 4013 786 4068 restituturus
805 4011 1049 4083 θηηιὊρθρος
1074 4007 1217 4077 (Geryonit

224 4092 300 4145 conis
317 4093 359 4149 ite
373 4098 547 4169 appellatur),
567 4104 707 4175 preripuit
724 4106 819 4162 Welrle
836 4125 905 4164 mus.
923 4109 1008 4164 Rhen.
1033 4102 1086 4160 XX
1107 4117 1134 4170 p.
1156 4101 1216 4157 309.
