2580 4530
534 255 595 311 Lib.
614 256 650 311 11.
866 264 877 283 '
1023 259 1083 323 239

158 440 365 519 Manifestum
387 454 436 518 cst
460 452 508 528 iis,
532 453 584 538 qui
606 453 711 520 Graece
734 456 844 535 sciunt,
866 459 920 525 sut
939 458 989 525 bis
1008 479 1063 543 per
1083 454 1127 526 οὐ

66 557 98 621 le
124 576 162 623 eo
199 557 386 643 icteueguri
420 559 546 634 debere,
583 560 662 643 quod
697 561 835 627 homines
871 561 955 631 inuri
985 566 1126 649 superbis

65 664 158 729 infleti
179 663 399 749 interrogando
425 665 587 730 iubeantur
606 666 724 745 lacere,
751 670 806 733 aut
837 669 972 751 primum
1001 690 1057 753 per
1084 666 1126 736 οιῗ

65 763 108 854 μή
143 770 182 836 lc
204 789 258 849 eo,
294 768 377 855 quod
410 772 550 847 vetentur
576 769 694 863 facere,
722 772 832 839 deinde
857 793 913 857 per
939 769 990 842 οὐ.
1033 778 1125 844 Illam

65 876 192 942 formum
214 874 392 962 corrigendo
422 875 550 941 efficere
562 876 600 941 L.
623 875 799 972 Dindcrfius
826 885 953 948 conatus
988 884 1050 948 estc
1083 878 1128 949 σε’

66 976 296 1067 σορρονὴσεσι
320 1031 329 1047 .
353 1028 361 1043 .
385 1031 393 1048 .
415 983 458 1068 τῇ
480 974 510 1047 ‹l'
537 975 665 1066 ὁμιλίᾳ,
686 983 720 1048 in
741 1003 802 1068 qua
822 985 973 1069 scripture
994 1013 1125 1075 σωφρο-

66 1103 132 1155 νιῑν
157 1107 220 1154 non
241 1089 403 1172 aptissime
424 1088 462 1154 de
480 1088 653 1155 abiicienda
679 1091 822 1172 superbis
843 1091 961 1166 dicitur,
983 1093 1124 1173 alterum,

64 1215 152 1279 quum
185 1194 384 1278 apertissime
415 1197 588 1260 monstrant
623 1196 742 1262 codices
774 1202 885 1281 (neque
917 1199 1000 1265 enim
1034 1201 1125 1268 facilc

64 1302 224 1385 quisquam
244 1320 299 1384 pro
325 1292 368 1367 cci
397 1295 630 1385 cuppovp'cscs
663 1303 873 1368 substituisset
893 1297 939 1371 ὀν’
963 1300 1015 1390 ριν)
1042 1323 1123 1391 φρ),

63 1408 250 1487 Budhamus,
273 1408 384 1492 posito,
411 1407 491 1489 quod
513 1407 579 1490 ipss
602 1426 720 1491 qusque
738 1408 900 1492 aliquando
920 1412 1142 1494 tentaveram,'

62 1509 99 1581 cri
119 1508 173 1599 με)
197 1506 419 1599 σῖφρονήσεσε.
464 1512 525 1578 Sed
545 1516 581 1579 ut
601 1513 758 1589 omittam,
780 1515 873 1582 nimis
894 1535 950 1599 per
969 1537 1003 1583 ss
1023 1522 1123 1586 ambi.

61 1641 153 1706 guum
175 1621 236 1686 hoc
256 1617 365 1693 rideri,
385 1636 457 1685 scm
476 1638 600 1702 prorsus
622 1620 773 1687 ccntrsris
794 1621 977 1706 significatio
994 1619 1049 1707 (ου’
1070 1623 1121 1710 με)

62 1721 261 1812 φρονήσετε)
284 1744 406 1792 versum
427 1725 613 1815 ncnqminus
644 1729 676 1791 st
695 1725 816 1792 facilius
838 1727 987 1804 efficeret,
1014 1718 1122 1817 σ’ρρο-

61 1850 131 1902 νεῑν
168 1835 261 1919 ρΙσοο
289 1831 472 1897 inusitatum
510 1834 559 1897 est
587 1833 674 1897 extre
699 1831 894 1914 participium
924 1826 1124 1921 (οἷφρονέον)

59 1942 139 2026 apud
174 1941 346 2005 Homerum
384 1937 664 2021 Hippocratsmqus
697 1938 729 2002 et
760 1937 846 2002 alios.
888 1941 1013 2026 ltaque,
1048 1967 1121 2030 quc-

60 2049 141 2113 niam
163 2065 204 2111 nc
224 2044 258 2111 id
280 2042 403 2128 quidem
435 2042 596 2124 procedere
623 2042 760 2122 videbit,
793 2046 829 2109 ut
855 2059 993 2127 φρονεῖν
1018 2047 1120 2131 ipsum

60 2156 94 2220 de
110 2152 259 2237 superbia
279 2153 378 2235 (μέγα
395 2154 545 2233 φρονεῖν)
556 2149 752 2234 intellegatur
764 2143 818 2227 (οὐ
838 2143 889 2234 μή
912 2143 1121 2236 φρονήσετε),

58 2263 174 2326 restare
195 2257 327 2333 videtur,
348 2257 385 2320 ut
406 2254 572 2321 scribatur:
614 2302 617 2307 ,

192 2357 234 2429 οὐ
258 2356 313 2453 μή
335 2354 584 2446 φθονήσεθ’,
608 2367 642 2426 οἳ
663 2363 770 2427 κενών
790 2355 1009 2445 δοξασμάτων

191 2472 332 2554 πληροῖς
355 2469 549 2542 πλανᾶσθε,
573 2469 615 2555 τῇ
637 2462 666 2532 δ’
687 2463 803 2551 ὁμιλίᾳ
827 2494 856 2532 ν.
879 2495 907 2534 τ.
931 2472 958 2535 λ.

157 2577 241 2641 Nam
276 2576 371 2642 etism
408 2566 542 2659 φθόνος
579 2574 689 2658 uliquis
720 2576 783 2652 est,
812 2594 882 2640 curn
918 2579 1041 2660 superbi
1073 2579 1121 2644 illi

57 2683 231 2748 humilioris
253 2682 379 2767 originis
400 2683 431 2746 et
452 2680 637 2747 condicionis
651 2680 824 2745 bominibus
841 2683 1032 2750 nobilitatem
1046 2705 1121 2752 cun-

56 2791 166 2856 cedere
188 2789 340 2871 nolunt.¹)

84 3053 105 3117 1)
127 3054 168 3107 De
191 3054 251 3124 ipsa
272 3055 381 3110 vetandi
401 3055 486 3110 formu
507 3053 552 3120 (οὗ
575 3053 612 3124 μὴ
632 3052 769 3122 corpoeis-3
788 3074 834 3106 νιοο
858 3058 946 3106 οσνίεεοε
956 3055 1064 3123 facere?
1088 3056 1117 3111 il

125 3151 181 3209 est,
206 3167 234 3199 σε
244 3151 346 3214 seceris)
370 3164 476 3219 prorsus
502 3146 673 3216 abnegandi
699 3145 743 3210 (οὗ
768 3146 806 3216 μὴ
824 3144 950 3217 ποιήσῃς)
970 3148 1118 3216 reparanda

123 3255 178 3292 non
206 3238 334 3294 debuerat
358 3243 426 3310 post
452 3240 610 3295 Elmsleium
643 3238 771 3293 dubitari.
817 3240 857 3294 Εσ
883 3243 931 3294 sut
958 3239 1117 3309 simpliciter

123 3332 236 3401 ponitur
255 3330 300 3400 (οὐ
319 3332 356 3404 μὴ
383 3334 521 3404 ληρήσεις,
549 3332 633 3386 Arist.
658 3331 722 3386 nub.
741 3335 802 3394 367,
829 3332 922 3387 addito
944 3339 1006 3401 σῑγοι
1023 3333 1115 3387 AEsch.

125 3423 198 3491 Sept.
218 3428 287 3480 250:
312 3425 359 3488 οὐ,
378 3432 447 3494 σῖγα.
470 3423 556 3496 μηδὲν
578 3425 658 3480 τῶνδ’
679 3424 772 3492 ἓρεῖς;)
791 3428 819 3479 et
839 3425 1010 3479 continuatur
1033 3426 1115 3480 etiam

123 3517 239 3571 vetando
266 3534 313 3587 per
337 3522 383 3572 καί
408 3517 500 3588 (Soph.
519 3518 614 3572 Trach.
633 3519 694 3588 979)
718 3521 767 3572 cut
787 3519 857 3589 μηδέ
881 3517 985 3587 (Eurip.
1005 3517 1112 3586 Hippcl.

123 3613 183 3675 006,
199 3610 247 3664 ubi
265 3610 341 3666 codd.
360 3613 517 3680 σρσσσίσῃς,
536 3628 569 3664 σε
586 3610 754 3664 librariorum
773 3611 927 3680 proclivitas
940 3608 1050 3662 obscura
1067 3609 1114 3672 sit,

123 3703 262 3772 Aristcpb.
281 3720 338 3757 ran.
361 3704 437 3772 298),
461 3707 509 3758 sut
527 3702 650 3772 precedit
668 3705 710 3770 (ut
728 3705 756 3757 in
775 3703 823 3757 hoc
837 3701 949 3756 Electrae
966 3700 1045 3765 lucc),
1065 3701 1112 3754 sd·

124 3795 216 3848 iuncto
234 3795 319 3851 altero
337 3795 455 3850 membru
472 3794 657 3868 iubente„(ori)
682 3812 730 3865 per
754 3792 823 3847 ἄλλο’
848 3794 940 3858 (Arist.
964 3792 1027 3847 nub.
1048 3797 1111 3856 296,

122 3890 188 3949 505,
211 3904 267 3941 ran.
287 3891 347 3954 802,
365 3892 425 3951 462,
445 3891 508 3956 524)
532 3888 575 3942 vel
602 3889 634 3944 δέ
651 3887 753 3958 (Eurip.
772 3885 842 3940 Med.
862 3888 951 3949 1151),
970 3889 1025 3949 eut,
1045 3902 1111 3954 prs-

122 3979 232 4034 cedsntc
258 3981 376 4035 membro
403 3980 512 4034 iubente
540 3981 606 4049 (οὐ),
636 3980 810 4049 subiungitur
827 3994 875 4050 per
892 3980 936 4033 sal
956 3979 993 4050 μή
1017 3980 1113 4048 (soph.

122 4072 216 4127 Trach.
236 4076 313 4133 1188,
332 4073 424 4143 Eurip.
445 4074 538 4128 Helen.
557 4077 617 4139 437,
637 4073 745 4143 Hippol.
765 4074 830 4136 498,
849 4075 909 4136 499,
928 4071 999 4127 Plst.
1025 4089 1110 4143 symp.
