<?xml version="1.0" encoding="UTF-8"?>
<!DOCTYPE html PUBLIC "-//W3C//DTD XHTML 1.0 Transitional//EN"
    "http://www.w3.org/TR/xhtml1/DTD/xhtml1-transitional.dtd">
<html xmlns="http://www.w3.org/1999/xhtml" xml:lang="en" lang="en">
 <head>
  <title>
</title>
<meta http-equiv="Content-Type" content="text/html;charset=utf-8" />
  <meta name='ocr-system' content='tesseract 3.04.00' />
  <meta name='ocr-capabilities' content='ocr_page ocr_carea ocr_par ocr_line ocrx_word'/>
</head>
<body>
  <div class='ocr_page' id='page_1' title='image "./adversariacriti00madvgoog_0255.png"; bbox 0 0 2580 4530; ppageno 0'>
   <div class='ocr_carea' id='block_1_1' title="bbox 221 247 774 314">
    <p class='ocr_par' dir='ltr' id='par_1_1' title="bbox 221 247 774 314">
     <span class='ocr_line' id='line_1_1' title="bbox 221 247 774 314; baseline 0 0"><span class='ocrx_word' id='word_1_1' title='bbox 221 251 282 314; x_wconf 78' lang='lat'>236</span> <span class='ocrx_word' id='word_1_2' title='bbox 656 247 774 314; x_wconf 64' lang='lat' dir='ltr'>IMI-</span> 
     </span>
    </p>
   </div>
   <div class='ocr_carea' id='block_1_2' title="bbox 177 440 1248 3928">
    <p class='ocr_par' dir='ltr' id='par_1_2' title="bbox 177 440 1245 1171">
     <span class='ocr_line' id='line_1_2' title="bbox 277 440 1240 532; baseline -0.002 -18"><span class='ocrx_word' id='word_1_3' title='bbox 277 450 329 515; x_wconf 88' lang='lat' dir='ltr'>Ita</span> <span class='ocrx_word' id='word_1_4' title='bbox 360 449 547 518; x_wconf 91' lang='lat' dir='ltr'>Dindorfius.</span> <span class='ocrx_word' id='word_1_5' title='bbox 573 454 576 463; x_wconf 88' lang='lat'>&#39;</span> <span class='ocrx_word' id='word_1_6' title='bbox 603 449 760 514; x_wconf 85' lang='lat' dir='ltr'>Nauokius</span> <span class='ocrx_word' id='word_1_7' title='bbox 791 449 837 514; x_wconf 88' lang='lat' dir='ltr'>sio</span> <span class='ocrx_word' id='word_1_8' title='bbox 860 448 1066 532; x_wconf 84' lang='lat' dir='ltr'>interpungit:</span> <span class='ocrx_word' id='word_1_9' title='bbox 1100 440 1240 532; x_wconf 93' lang='grc' dir='ltr'><strong><em>φράσαι·</em></strong></span> 
     </span>
     <span class='ocr_line' id='line_1_3' title="bbox 181 547 1242 644; baseline 0.002 -24"><span class='ocrx_word' id='word_1_10' title='bbox 181 563 298 644; x_wconf 81' lang='grc' dir='ltr'><strong><em>ι”χσοσα</em></strong></span> <span class='ocrx_word' id='word_1_11' title='bbox 321 559 378 622; x_wconf 86' lang='lat' dir='ltr'>oet.</span> <span class='ocrx_word' id='word_1_12' title='bbox 435 557 573 641; x_wconf 88' lang='lat' dir='ltr'>Utroque</span> <span class='ocrx_word' id='word_1_13' title='bbox 605 555 697 621; x_wconf 91' lang='lat' dir='ltr'>modo</span> <span class='ocrx_word' id='word_1_14' title='bbox 727 554 982 620; x_wconf 89' lang='lat' dir='ltr'>molestissimum</span> <span class='ocrx_word' id='word_1_15' title='bbox 1014 547 1154 638; x_wconf 88' lang='grc' dir='ltr'><strong><em>φράσαι,</em></strong></span> <span class='ocrx_word' id='word_1_16' title='bbox 1187 575 1242 639; x_wconf 93' lang='lat' dir='ltr'>pro</span> 
     </span>
     <span class='ocr_line' id='line_1_4' title="bbox 180 658 1243 746; baseline 0.003 -20"><span class='ocrx_word' id='word_1_17' title='bbox 180 681 238 746; x_wconf 92' lang='lat' dir='ltr'>quo</span> <span class='ocrx_word' id='word_1_18' title='bbox 260 662 424 744; x_wconf 78' lang='lat' dir='ltr'>requiritur</span> <span class='ocrx_word' id='word_1_19' title='bbox 444 669 592 746; x_wconf 85' lang='grc' dir='ltr'><strong><em>μαθεῖν,</em></strong></span> <span class='ocrx_word' id='word_1_20' title='bbox 621 661 700 745; x_wconf 90' lang='lat' dir='ltr'>quod</span> <span class='ocrx_word' id='word_1_21' title='bbox 722 658 796 723; x_wconf 93' lang='lat' dir='ltr'>olim</span> <span class='ocrx_word' id='word_1_22' title='bbox 823 659 908 735; x_wconf 92' lang='lat' dir='ltr'>mibi,</span> <span class='ocrx_word' id='word_1_23' title='bbox 938 661 1065 743; x_wconf 81' lang='lat' dir='ltr'>postea,</span> <span class='ocrx_word' id='word_1_24' title='bbox 1087 662 1125 726; x_wconf 89' lang='lat' dir='ltr'>ut</span> <span class='ocrx_word' id='word_1_25' title='bbox 1143 661 1243 741; x_wconf 81' lang='lat' dir='ltr'>uideo,</span> 
     </span>
     <span class='ocr_line' id='line_1_5' title="bbox 177 764 1244 846; baseline 0.001 -14"><span class='ocrx_word' id='word_1_26' title='bbox 177 767 381 833; x_wconf 90' lang='lat' dir='ltr'>Heimsoetbio</span> <span class='ocrx_word' id='word_1_27' title='bbox 410 767 442 832; x_wconf 91' lang='lat' dir='ltr'>iu</span> <span class='ocrx_word' id='word_1_28' title='bbox 469 770 608 835; x_wconf 87' lang='lat' dir='ltr'>mentem</span> <span class='ocrx_word' id='word_1_29' title='bbox 637 764 738 846; x_wconf 86' lang='lat' dir='ltr'>venit,</span> <span class='ocrx_word' id='word_1_30' title='bbox 768 783 793 829; x_wconf 87' lang='lat' dir='ltr'>a</span> <span class='ocrx_word' id='word_1_31' title='bbox 818 765 1036 846; x_wconf 75' lang='lat' dir='ltr'>probabilitate</span> <span class='ocrx_word' id='word_1_32' title='bbox 1063 768 1244 834; x_wconf 83' lang='lat' dir='ltr'>mutationis</span> 
     </span>
     <span class='ocr_line' id='line_1_6' title="bbox 179 867 1245 960; baseline 0.001 -23"><span class='ocrx_word' id='word_1_33' title='bbox 179 874 270 957; x_wconf 88' lang='lat' dir='ltr'>longe</span> <span class='ocrx_word' id='word_1_34' title='bbox 301 875 399 938; x_wconf 89' lang='lat' dir='ltr'>romot</span> <span class='ocrx_word' id='word_1_35' title='bbox 400 892 462 938; x_wconf 90' lang='lat' dir='ltr'>um.</span> <span class='ocrx_word' id='word_1_36' title='bbox 508 873 570 939; x_wconf 86' lang='lat' dir='ltr'>Sed</span> <span class='ocrx_word' id='word_1_37' title='bbox 602 873 750 957; x_wconf 80' lang='lat' dir='ltr'>praeterea</span> <span class='ocrx_word' id='word_1_38' title='bbox 782 887 859 934; x_wconf 88' lang='lat' dir='ltr'>non</span> <span class='ocrx_word' id='word_1_39' title='bbox 868 872 987 937; x_wconf 90' lang='lat' dir='ltr'>reotum</span> <span class='ocrx_word' id='word_1_40' title='bbox 1023 867 1180 960; x_wconf 80' lang='grc' dir='ltr'><strong><em>ὅθενπερ</em></strong></span> <span class='ocrx_word' id='word_1_41' title='bbox 1212 876 1245 938; x_wconf 93' lang='lat' dir='ltr'>in</span> 
     </span>
     <span class='ocr_line' id='line_1_7' title="bbox 179 971 1246 1080; baseline 0 -36"><span class='ocrx_word' id='word_1_42' title='bbox 179 980 236 1044; x_wconf 87' lang='lat' dir='ltr'>hao</span> <span class='ocrx_word' id='word_1_43' title='bbox 269 978 481 1045; x_wconf 77' lang='lat' dir='ltr'>coniunctione</span> <span class='ocrx_word' id='word_1_44' title='bbox 510 999 566 1063; x_wconf 94' lang='lat' dir='ltr'>pro</span> <span class='ocrx_word' id='word_1_45' title='bbox 601 978 750 1080; x_wconf 83' lang='lat' dir='ltr'>simplici</span> <span class='ocrx_word' id='word_1_46' title='bbox 772 971 871 1042; x_wconf 88' lang='grc' dir='ltr'><strong><em>ὅθεν</em></strong></span> <span class='ocrx_word' id='word_1_47' title='bbox 928 976 1013 1044; x_wconf 86' lang='lat' dir='ltr'>Orat</span> <span class='ocrx_word' id='word_1_48' title='bbox 990 981 1034 1043; x_wconf 87' lang='lat' dir='ltr'>tro</span> <span class='ocrx_word' id='word_1_49' title='bbox 1070 979 1116 1045; x_wconf 85' lang='lat' dir='ltr'>sio</span> <span class='ocrx_word' id='word_1_50' title='bbox 1145 981 1246 1046; x_wconf 89' lang='lat' dir='ltr'>inter-</span> 
     </span>
     <span class='ocr_line' id='line_1_8' title="bbox 179 1085 427 1171; baseline -0.009 -20"><span class='ocrx_word' id='word_1_51' title='bbox 179 1086 344 1171; x_wconf 86' lang='lat' dir='ltr'>pungenda</span> <span class='ocrx_word' id='word_1_52' title='bbox 365 1085 427 1150; x_wconf 89' lang='lat' dir='ltr'>est.</span> 
     </span>
    </p>

    <p class='ocr_par' dir='ltr' id='par_1_3' title="bbox 329 1180 1143 1488">
     <span class='ocr_line' id='line_1_9' title="bbox 329 1180 1042 1278; baseline -0.001 -22"><span class='ocrx_word' id='word_1_53' title='bbox 329 1187 439 1274; x_wconf 82' lang='grc' dir='ltr'><strong><em>τάφον</em></strong></span> <span class='ocrx_word' id='word_1_54' title='bbox 461 1188 607 1263; x_wconf 66' lang='grc' dir='ltr'><strong><em>λιποῦσα</em></strong></span> <span class='ocrx_word' id='word_1_55' title='bbox 630 1181 729 1256; x_wconf 77' lang='grc' dir='ltr'><strong><em>σόνάε</em></strong></span> <span class='ocrx_word' id='word_1_56' title='bbox 755 1180 926 1272; x_wconf 79' lang='grc' dir='ltr'><strong><em>σύμμειξον</em></strong></span> <span class='ocrx_word' id='word_1_57' title='bbox 948 1182 1042 1278; x_wconf 82' lang='grc' dir='ltr'><strong><em>κόρη.</em></strong></span> 
     </span>
     <span class='ocr_line' id='line_1_10' title="bbox 323 1282 1143 1383; baseline -0.001 -19.976"><span class='ocrx_word' id='word_1_58' title='bbox 323 1295 507 1383; x_wconf 81' lang='grc' dir='ltr'><strong><em>Ὀθενπερ</em></strong></span> <span class='ocrx_word' id='word_1_59' title='bbox 533 1300 613 1362; x_wconf 83' lang='grc' dir='ltr'><strong><em>εὶσει</em></strong></span> <span class='ocrx_word' id='word_1_60' title='bbox 636 1289 749 1361; x_wconf 80' lang='grc' dir='ltr'><strong><em>πάντα</em></strong></span> <span class='ocrx_word' id='word_1_61' title='bbox 772 1288 923 1380; x_wconf 57' lang='lat' dir='ltr'>stupet,</span> <span class='ocrx_word' id='word_1_62' title='bbox 946 1289 1083 1382; x_wconf 85' lang='grc' dir='ltr'><strong><em>φράσαι,</em></strong></span> <span class='ocrx_word' id='word_1_63' title='bbox 1139 1282 1143 1296; x_wconf 44' lang='grc'>’</span> 
     </span>
     <span class='ocr_line' id='line_1_11' title="bbox 331 1395 1129 1496; baseline 0.001 -29"><span class='ocrx_word' id='word_1_64' title='bbox 331 1395 437 1490; x_wconf 84' lang='grc' dir='ltr'><strong><em>ε”χοσσ</em></strong></span> <span class='ocrx_word' id='word_1_65' title='bbox 459 1408 496 1468; x_wconf 78' lang='grc' dir='ltr'>ἐν</span> <span class='ocrx_word' id='word_1_66' title='bbox 520 1405 625 1478; x_wconf 80' lang='grc' dir='ltr'><strong><em>οἴκοις</em></strong></span> <span class='ocrx_word' id='word_1_67' title='bbox 645 1403 757 1469; x_wconf 81' lang='grc' dir='ltr'><strong><em>τοῖσδε</em></strong></span> <span class='ocrx_word' id='word_1_68' title='bbox 779 1429 810 1468; x_wconf 81' lang='grc' dir='ltr'><strong><em>σι</em></strong></span> <span class='ocrx_word' id='word_1_69' title='bbox 808 1402 974 1496; x_wconf 76' lang='grc' dir='ltr'><strong><em>βλέπεις</em></strong></span> <span class='ocrx_word' id='word_1_70' title='bbox 995 1399 1129 1488; x_wconf 69' lang='grc' dir='ltr'><strong><em>πρόσως</em></strong></span> 
     </span>
    </p>

    <p class='ocr_par' dir='ltr' id='par_1_4' title="bbox 180 1500 1247 1805">
     <span class='ocr_line' id='line_1_12' title="bbox 279 1500 1247 1603; baseline 0.004 -31"><span class='ocrx_word' id='word_1_71' title='bbox 279 1509 347 1573; x_wconf 91' lang='lat' dir='ltr'>Iam</span> <span class='ocrx_word' id='word_1_72' title='bbox 385 1501 512 1593; x_wconf 83' lang='grc' dir='ltr'><strong><em>φράσαι</em></strong></span> <span class='ocrx_word' id='word_1_73' title='bbox 543 1509 744 1592; x_wconf 83' lang='lat' dir='ltr'>imperativus</span> <span class='ocrx_word' id='word_1_74' title='bbox 782 1509 831 1572; x_wconf 91' lang='lat' dir='ltr'>est</span> <span class='ocrx_word' id='word_1_75' title='bbox 816 1500 999 1603; x_wconf 75' lang='lat' dir='ltr'>tmlllld‚··¹</span> <span class='ocrx_word' id='word_1_76' title='bbox 988 1511 1247 1596; x_wconf 68' lang='lat' dir='ltr'>rintorrogationi</span> 
     </span>
     <span class='ocr_line' id='line_1_13' title="bbox 180 1588 1247 1701; baseline 0.003 -24"><span class='ocrx_word' id='word_1_77' title='bbox 180 1613 377 1680; x_wconf 79' lang='lat' dir='ltr'>interiectus:</span> <span class='ocrx_word' id='word_1_78' title='bbox 417 1615 549 1681; x_wconf 82' lang='lat' dir='ltr'>Cumm</span> <span class='ocrx_word' id='word_1_79' title='bbox 575 1617 634 1681; x_wconf 83' lang='lat' dir='ltr'>liae</span> <span class='ocrx_word' id='word_1_80' title='bbox 664 1615 754 1680; x_wconf 92' lang='lat' dir='ltr'>domo</span> <span class='ocrx_word' id='word_1_81' title='bbox 783 1615 919 1699; x_wconf 69' lang='lat' dir='ltr'>habeas.</span> <span class='ocrx_word' id='word_1_82' title='bbox 931 1588 1142 1701; x_wconf 56' lang='lat' dir='ltr'>midam)</span> <span class='ocrx_word' id='word_1_83' title='bbox 1163 1617 1247 1680; x_wconf 87' lang='lat' dir='ltr'>unde</span> 
     </span>
     <span class='ocr_line' id='line_1_14' title="bbox 182 1720 990 1805; baseline 0.001 -19"><span class='ocrx_word' id='word_1_84' title='bbox 182 1720 286 1786; x_wconf 89' lang='lat' dir='ltr'>omnia</span> <span class='ocrx_word' id='word_1_85' title='bbox 306 1738 378 1785; x_wconf 86' lang='lat' dir='ltr'>vera</span> <span class='ocrx_word' id='word_1_86' title='bbox 400 1722 583 1804; x_wconf 78' lang='lat' dir='ltr'>comperias,</span> <span class='ocrx_word' id='word_1_87' title='bbox 607 1741 660 1786; x_wconf 89' lang='lat' dir='ltr'>our</span> <span class='ocrx_word' id='word_1_88' title='bbox 680 1722 770 1805; x_wconf 85' lang='lat' dir='ltr'>longe</span> <span class='ocrx_word' id='word_1_89' title='bbox 792 1720 990 1804; x_wconf 76' lang='lat' dir='ltr'>prospbue</span> 
     </span>
    </p>

    <p class='ocr_par' dir='ltr' id='par_1_5' title="bbox 280 1811 1092 1913">
     <span class='ocr_line' id='line_1_15' title="bbox 280 1811 1092 1913; baseline -0.002 -22"><span class='ocrx_word' id='word_1_90' title='bbox 280 1827 349 1893; x_wconf 86' lang='lat' dir='ltr'>Ibd.</span> <span class='ocrx_word' id='word_1_91' title='bbox 371 1827 448 1890; x_wconf 68' lang='lat'><strong>388:</strong></span> <span class='ocrx_word' id='word_1_92' title='bbox 526 1908 528 1913; x_wconf 69' lang='lat'>,</span> <span class='ocrx_word' id='word_1_93' title='bbox 1089 1811 1092 1825; x_wconf 54' lang='grc'><strong>’</strong></span> 
     </span>
    </p>

    <p class='ocr_par' dir='ltr' id='par_1_6' title="bbox 332 1925 1113 2018">
     <span class='ocr_line' id='line_1_16' title="bbox 332 1925 1113 2018; baseline -0.001 -18"><span class='ocrx_word' id='word_1_94' title='bbox 332 1927 401 2001; x_wconf 80' lang='grc' dir='ltr'><strong><em>εἴθ’</em></strong></span> <span class='ocrx_word' id='word_1_95' title='bbox 426 1929 552 2018; x_wconf 76' lang='grc' dir='ltr'><strong><em>ὤφελες</em></strong></span> <span class='ocrx_word' id='word_1_96' title='bbox 574 1927 665 2009; x_wconf 82' lang='grc' dir='ltr'><strong><em>τόθ’,</em></strong></span> <span class='ocrx_word' id='word_1_97' title='bbox 689 1925 778 2017; x_wconf 77' lang='grc' dir='ltr'><strong><em>ἡνίκ’</em></strong></span> <span class='ocrx_word' id='word_1_98' title='bbox 800 1941 923 2017; x_wconf 73' lang='grc' dir='ltr'><strong><em>ἔρανον</em></strong></span> <span class='ocrx_word' id='word_1_99' title='bbox 948 1929 1113 2007; x_wconf 76' lang='grc' dir='ltr'><strong><em>σ’ς’θεοός</em></strong></span> 
     </span>
    </p>

    <p class='ocr_par' dir='ltr' id='par_1_7' title="bbox 179 2027 1248 2855">
     <span class='ocr_line' id='line_1_17' title="bbox 333 2027 1086 2126; baseline -0.005 -18"><span class='ocrx_word' id='word_1_100' title='bbox 333 2041 492 2113; x_wconf 78' lang='grc' dir='ltr'><strong><em>πεισθεὶς</em></strong></span> <span class='ocrx_word' id='word_1_101' title='bbox 515 2042 655 2114; x_wconf 78' lang='grc' dir='ltr'><strong><em>ἐποίεις,</em></strong></span> <span class='ocrx_word' id='word_1_102' title='bbox 681 2045 717 2105; x_wconf 79' lang='grc' dir='ltr'>ἐν</span> <span class='ocrx_word' id='word_1_103' title='bbox 739 2047 837 2112; x_wconf 83' lang='grc' dir='ltr'><strong><em>θεοῖς</em></strong></span> <span class='ocrx_word' id='word_1_104' title='bbox 860 2043 975 2106; x_wconf 79' lang='grc' dir='ltr'><strong><em>λιπεῖν</em></strong></span> <span class='ocrx_word' id='word_1_105' title='bbox 987 2027 1086 2126; x_wconf 67' lang='grc' dir='ltr'><strong><em>βίον.</em></strong></span> 
     </span>
     <span class='ocr_line' id='line_1_18' title="bbox 182 2130 1248 2231; baseline -0.001 -18"><span class='ocrx_word' id='word_1_106' title='bbox 182 2183 185 2191; x_wconf 93' lang='lat'><strong>·</strong></span> <span class='ocrx_word' id='word_1_107' title='bbox 282 2138 362 2214; x_wconf 85' lang='lat' dir='ltr'>Mire</span> <span class='ocrx_word' id='word_1_108' title='bbox 395 2148 460 2212; x_wconf 88' lang='lat' dir='ltr'>lraeo</span> <span class='ocrx_word' id='word_1_109' title='bbox 491 2130 622 2230; x_wconf 82' lang='lat' dir='ltr'>&#39;quidam</span> <span class='ocrx_word' id='word_1_110' title='bbox 656 2146 696 2211; x_wconf 88' lang='lat' dir='ltr'>ad</span> <span class='ocrx_word' id='word_1_111' title='bbox 726 2146 759 2213; x_wconf 93' lang='lat' dir='ltr'>id</span> <span class='ocrx_word' id='word_1_112' title='bbox 798 2149 920 2231; x_wconf 85' lang='lat' dir='ltr'>tempus</span> <span class='ocrx_word' id='word_1_113' title='bbox 951 2147 1148 2224; x_wconf 79' lang='lat' dir='ltr'>rettulerunt,</span> <span class='ocrx_word' id='word_1_114' title='bbox 1189 2166 1248 2229; x_wconf 93' lang='lat' dir='ltr'>quo</span> 
     </span>
     <span class='ocr_line' id='line_1_19' title="bbox 180 2250 1245 2338; baseline -0.001 -19"><span class='ocrx_word' id='word_1_115' title='bbox 180 2254 292 2338; x_wconf 88' lang='lat' dir='ltr'>Pelops</span> <span class='ocrx_word' id='word_1_116' title='bbox 322 2273 398 2338; x_wconf 91' lang='lat' dir='ltr'>puer</span> <span class='ocrx_word' id='word_1_117' title='bbox 424 2272 442 2318; x_wconf 90' lang='lat' dir='ltr'>a</span> <span class='ocrx_word' id='word_1_118' title='bbox 464 2252 594 2317; x_wconf 83' lang='lat' dir='ltr'>Tantalo</span> <span class='ocrx_word' id='word_1_119' title='bbox 620 2253 774 2317; x_wconf 73' lang='lat' dir='ltr'>mactatus</span> <span class='ocrx_word' id='word_1_120' title='bbox 790 2309 792 2316; x_wconf 91' lang='lat'>.</span> <span class='ocrx_word' id='word_1_121' title='bbox 808 2250 854 2317; x_wconf 90' lang='lat' dir='ltr'>dis</span> <span class='ocrx_word' id='word_1_122' title='bbox 878 2251 1035 2335; x_wconf 88' lang='lat' dir='ltr'>appositus</span> <span class='ocrx_word' id='word_1_123' title='bbox 1057 2254 1123 2330; x_wconf 83' lang='lat' dir='ltr'>est,</span> <span class='ocrx_word' id='word_1_124' title='bbox 1158 2253 1245 2318; x_wconf 89' lang='lat' dir='ltr'>ouius</span> 
     </span>
     <span class='ocr_line' id='line_1_20' title="bbox 180 2355 1245 2442; baseline -0.003 -17"><span class='ocrx_word' id='word_1_125' title='bbox 180 2361 226 2425; x_wconf 88' lang='lat' dir='ltr'>rei</span> <span class='ocrx_word' id='word_1_126' title='bbox 247 2378 344 2442; x_wconf 89' lang='lat' dir='ltr'>neque</span> <span class='ocrx_word' id='word_1_127' title='bbox 365 2359 397 2423; x_wconf 90' lang='lat' dir='ltr'>in</span> <span class='ocrx_word' id='word_1_128' title='bbox 419 2358 520 2423; x_wconf 85' lang='lat' dir='ltr'>verbis</span> <span class='ocrx_word' id='word_1_129' title='bbox 542 2357 607 2421; x_wconf 93' lang='lat' dir='ltr'>ulla</span> <span class='ocrx_word' id='word_1_130' title='bbox 627 2355 809 2441; x_wconf 83' lang='lat' dir='ltr'>significatio</span> <span class='ocrx_word' id='word_1_131' title='bbox 831 2360 880 2423; x_wconf 86' lang='lat' dir='ltr'>est</span> <span class='ocrx_word' id='word_1_132' title='bbox 900 2376 956 2422; x_wconf 88' lang='lat' dir='ltr'>nee</span> <span class='ocrx_word' id='word_1_133' title='bbox 980 2360 1056 2440; x_wconf 83' lang='lat' dir='ltr'>apta</span> <span class='ocrx_word' id='word_1_134' title='bbox 1076 2376 1113 2423; x_wconf 88' lang='lat' dir='ltr'>oa</span> <span class='ocrx_word' id='word_1_135' title='bbox 1134 2359 1245 2423; x_wconf 85' lang='lat' dir='ltr'>subiici</span> 
     </span>
     <span class='ocr_line' id='line_1_21' title="bbox 180 2460 1245 2549; baseline 0 -19"><span class='ocrx_word' id='word_1_136' title='bbox 180 2467 302 2549; x_wconf 89' lang='lat' dir='ltr'>poterat</span> <span class='ocrx_word' id='word_1_137' title='bbox 322 2465 393 2547; x_wconf 91' lang='lat' dir='ltr'>post</span> <span class='ocrx_word' id='word_1_138' title='bbox 415 2466 687 2529; x_wconf 81' lang='lat' dir='ltr'>commemoratam</span> <span class='ocrx_word' id='word_1_139' title='bbox 703 2462 826 2547; x_wconf 90' lang='lat' dir='ltr'>Pelopis</span> <span class='ocrx_word' id='word_1_140' title='bbox 837 2460 917 2528; x_wconf 76' lang='lat' dir='ltr'>Pisa</span> <span class='ocrx_word' id='word_1_141' title='bbox 932 2463 1103 2534; x_wconf 81' lang='lat' dir='ltr'>victoriam</span> <span class='ocrx_word' id='word_1_142' title='bbox 1140 2463 1245 2549; x_wconf 84' lang='lat' dir='ltr'>Signi-</span> 
     </span>
     <span class='ocr_line' id='line_1_22' title="bbox 179 2569 1245 2653; baseline -0.001 -17"><span class='ocrx_word' id='word_1_143' title='bbox 179 2573 309 2636; x_wconf 87' lang='lat' dir='ltr'>lioantur</span> <span class='ocrx_word' id='word_1_144' title='bbox 337 2569 435 2652; x_wconf 86' lang='lat' dir='ltr'>epulae</span> <span class='ocrx_word' id='word_1_145' title='bbox 455 2572 526 2653; x_wconf 88' lang='lat' dir='ltr'>post</span> <span class='ocrx_word' id='word_1_146' title='bbox 546 2588 616 2634; x_wconf 85' lang='lat' dir='ltr'>eam</span> <span class='ocrx_word' id='word_1_147' title='bbox 639 2569 795 2634; x_wconf 84' lang='lat' dir='ltr'>victoriam</span> <span class='ocrx_word' id='word_1_148' title='bbox 813 2574 846 2635; x_wconf 79' lang='lat' dir='ltr'>‘a</span> <span class='ocrx_word' id='word_1_149' title='bbox 867 2570 979 2653; x_wconf 88' lang='lat' dir='ltr'>Pelope</span> <span class='ocrx_word' id='word_1_150' title='bbox 1013 2571 1046 2633; x_wconf 90' lang='lat' dir='ltr'>et</span> <span class='ocrx_word' id='word_1_151' title='bbox 1076 2588 1165 2635; x_wconf 86' lang='lat' dir='ltr'>saera</span> <span class='ocrx_word' id='word_1_152' title='bbox 1197 2571 1245 2636; x_wconf 93' lang='lat' dir='ltr'>dis</span> 
     </span>
     <span class='ocr_line' id='line_1_23' title="bbox 179 2667 1245 2760; baseline -0.003 -17"><span class='ocrx_word' id='word_1_153' title='bbox 179 2678 260 2743; x_wconf 83' lang='lat' dir='ltr'>faeta</span> <span class='ocrx_word' id='word_1_154' title='bbox 281 2677 418 2760; x_wconf 79' lang='grc' dir='ltr'><strong><em>(ἔρανον</em></strong></span> <span class='ocrx_word' id='word_1_155' title='bbox 441 2680 474 2748; x_wconf 80' lang='grc' dir='ltr'>ἐς</span> <span class='ocrx_word' id='word_1_156' title='bbox 495 2667 623 2754; x_wconf 83' lang='grc' dir='ltr'><strong><em>θεσάς).</em></strong></span> <span class='ocrx_word' id='word_1_157' title='bbox 667 2675 729 2740; x_wconf 86' lang='lat' dir='ltr'>Sed</span> <span class='ocrx_word' id='word_1_158' title='bbox 749 2674 865 2741; x_wconf 84' lang='lat' dir='ltr'>&#39;residet</span> <span class='ocrx_word' id='word_1_159' title='bbox 878 2675 1024 2741; x_wconf 89' lang='lat' dir='ltr'>mendum</span> <span class='ocrx_word' id='word_1_160' title='bbox 1045 2675 1245 2741; x_wconf 82' lang='lat' dir='ltr'>manifestum</span> 
     </span>
     <span class='ocr_line' id='line_1_24' title="bbox 179 2779 1245 2855; baseline -0.005 -6"><span class='ocrx_word' id='word_1_161' title='bbox 179 2786 211 2849; x_wconf 87' lang='lat' dir='ltr'>in</span> <span class='ocrx_word' id='word_1_162' title='bbox 233 2781 390 2854; x_wconf 77' lang='grc' dir='ltr'><strong><em>πεισθείς</em></strong></span> <span class='ocrx_word' id='word_1_163' title='bbox 413 2783 445 2846; x_wconf 80' lang='lat' dir='ltr'>et</span> <span class='ocrx_word' id='word_1_164' title='bbox 465 2781 595 2846; x_wconf 72' lang='lat' dir='ltr'>altorum</span> <span class='ocrx_word' id='word_1_165' title='bbox 617 2780 649 2845; x_wconf 81' lang='lat' dir='ltr'>in</span> <span class='ocrx_word' id='word_1_166' title='bbox 672 2787 709 2847; x_wconf 80' lang='grc' dir='ltr'>ἐν</span> <span class='ocrx_word' id='word_1_167' title='bbox 730 2795 838 2855; x_wconf 84' lang='grc' dir='ltr'><strong><em>θεοῖς.</em></strong></span> <span class='ocrx_word' id='word_1_168' title='bbox 880 2781 1010 2847; x_wconf 82' lang='lat' dir='ltr'>Videtur</span> <span class='ocrx_word' id='word_1_169' title='bbox 1031 2779 1245 2845; x_wconf 67' lang='lat' dir='ltr'>scribendum:</span> 
     </span>
    </p>

    <p class='ocr_par' dir='ltr' id='par_1_8' title="bbox 314 2880 1101 2971">
     <span class='ocr_line' id='line_1_25' title="bbox 314 2880 1101 2971; baseline -0.003 -17"><span class='ocrx_word' id='word_1_170' title='bbox 314 2884 550 2971; x_wconf 64' lang='lat' dir='ltr'>oserpdsl&#39;c’</span> <span class='ocrx_word' id='word_1_171' title='bbox 535 2886 674 2961; x_wconf 41' lang='grc' dir='ltr'><strong><em>εποιᾋεις</em></strong></span> <span class='ocrx_word' id='word_1_172' title='bbox 694 2880 828 2954; x_wconf 83' lang='grc' dir='ltr'><strong><em>εσθεω</em></strong></span> <span class='ocrx_word' id='word_1_173' title='bbox 838 2912 855 2961; x_wconf 97' lang='grc' dir='ltr'><strong><em>ς</em></strong></span> <span class='ocrx_word' id='word_1_174' title='bbox 876 2889 990 2952; x_wconf 80' lang='grc' dir='ltr'><strong><em>λιπειν</em></strong></span> <span class='ocrx_word' id='word_1_175' title='bbox 1011 2886 1101 2969; x_wconf 73' lang='grc' dir='ltr'><strong><em>βίον.</em></strong></span> 
     </span>
    </p>

    <p class='ocr_par' dir='ltr' id='par_1_9' title="bbox 182 2989 1246 3169">
     <span class='ocr_line' id='line_1_26' title="bbox 281 2989 1246 3108; baseline -0.003 -47"><span class='ocrx_word' id='word_1_176' title='bbox 281 2994 450 3061; x_wconf 82' lang='lat' dir='ltr'>Coronatus</span> <span class='ocrx_word' id='word_1_177' title='bbox 483 3011 577 3059; x_wconf 87' lang='lat' dir='ltr'>saera</span> <span class='ocrx_word' id='word_1_178' title='bbox 601 2993 713 3076; x_wconf 92' lang='lat' dir='ltr'>Pelops</span> <span class='ocrx_word' id='word_1_179' title='bbox 746 2996 834 3072; x_wconf 82' lang='lat' dir='ltr'>leoit;</span> <span class='ocrx_word' id='word_1_180' title='bbox 872 2989 1001 3066; x_wconf 75' lang='grc' dir='ltr'><strong><em>εὐθέως</em></strong></span> <span class='ocrx_word' id='word_1_181' title='bbox 1037 2993 1132 3108; x_wconf 85' lang='lat' dir='ltr'>eliam</span> <span class='ocrx_word' id='word_1_182' title='bbox 1162 2994 1246 3059; x_wconf 87' lang='lat' dir='ltr'>Hor</span> 
     </span>
     <span class='ocr_line' id='line_1_27' title="bbox 182 3099 620 3169; baseline -0.007 -2"><span class='ocrx_word' id='word_1_183' title='bbox 182 3122 293 3169; x_wconf 89' lang='lat' dir='ltr'>manno</span> <span class='ocrx_word' id='word_1_184' title='bbox 315 3103 346 3166; x_wconf 90' lang='lat' dir='ltr'>in</span> <span class='ocrx_word' id='word_1_185' title='bbox 371 3102 506 3166; x_wconf 90' lang='lat' dir='ltr'>mentem</span> <span class='ocrx_word' id='word_1_186' title='bbox 527 3099 620 3164; x_wconf 83' lang='lat' dir='ltr'>venit</span> 
     </span>
    </p>

    <p class='ocr_par' dir='ltr' id='par_1_10' title="bbox 181 3205 1246 3505">
     <span class='ocr_line' id='line_1_28' title="bbox 278 3205 1246 3284; baseline -0.002 -10"><span class='ocrx_word' id='word_1_187' title='bbox 278 3207 346 3273; x_wconf 93' lang='lat' dir='ltr'>Ibd.</span> <span class='ocrx_word' id='word_1_188' title='bbox 368 3207 440 3284; x_wconf 81' lang='lat'>415</span> <span class='ocrx_word' id='word_1_189' title='bbox 461 3205 532 3270; x_wconf 82' lang='lat'>416.</span> <span class='ocrx_word' id='word_1_190' title='bbox 574 3206 687 3271; x_wconf 87' lang='lat' dir='ltr'>Videor</span> <span class='ocrx_word' id='word_1_191' title='bbox 708 3207 785 3272; x_wconf 88' lang='lat' dir='ltr'>milri</span> <span class='ocrx_word' id='word_1_192' title='bbox 806 3207 983 3273; x_wconf 77' lang='lat' dir='ltr'>adolescens</span> <span class='ocrx_word' id='word_1_193' title='bbox 1004 3205 1118 3272; x_wconf 82' lang='lat' dir='ltr'>alieubi</span> <span class='ocrx_word' id='word_1_194' title='bbox 1132 3206 1246 3272; x_wconf 82' lang='lat' dir='ltr'>dixisse</span> 
     </span>
     <span class='ocr_line' id='line_1_29' title="bbox 181 3311 1246 3398; baseline -0.001 -20"><span class='ocrx_word' id='word_1_195' title='bbox 181 3314 235 3398; x_wconf 86' lang='grc'>(-</span> <span class='ocrx_word' id='word_1_196' title='bbox 263 3314 344 3378; x_wconf 86' lang='lat' dir='ltr'>certe</span> <span class='ocrx_word' id='word_1_197' title='bbox 379 3311 557 3376; x_wconf 79' lang='lat' dir='ltr'>adolescens</span> <span class='ocrx_word' id='word_1_198' title='bbox 592 3313 733 3380; x_wconf 82' lang='lat' dir='ltr'>annotavi</span> <span class='ocrx_word' id='word_1_199' title='bbox 759 3319 819 3394; x_wconf 88' lang='lat'>—)‚</span> <span class='ocrx_word' id='word_1_200' title='bbox 847 3313 903 3380; x_wconf 89' lang='lat' dir='ltr'>hos</span> <span class='ocrx_word' id='word_1_201' title='bbox 940 3331 1046 3379; x_wconf 88' lang='lat' dir='ltr'>versus</span> <span class='ocrx_word' id='word_1_202' title='bbox 1074 3313 1118 3377; x_wconf 88' lang='lat' dir='ltr'>sio</span> <span class='ocrx_word' id='word_1_203' title='bbox 1148 3313 1246 3378; x_wconf 89' lang='lat' dir='ltr'>inter-</span> 
     </span>
     <span class='ocr_line' id='line_1_30' title="bbox 181 3418 460 3505; baseline -0.014 -20"><span class='ocrx_word' id='word_1_204' title='bbox 181 3418 356 3505; x_wconf 85' lang='lat' dir='ltr'>pungendos</span> <span class='ocrx_word' id='word_1_205' title='bbox 379 3437 460 3484; x_wconf 87' lang='lat' dir='ltr'>esse:</span> 
     </span>
    </p>

    <p class='ocr_par' dir='ltr' id='par_1_11' title="bbox 318 3515 1117 3610">
     <span class='ocr_line' id='line_1_31' title="bbox 318 3515 1117 3610; baseline -0.006 -18"><span class='ocrx_word' id='word_1_206' title='bbox 318 3516 491 3592; x_wconf 68' lang='lat' dir='ltr'>Oriaoid&#39;·</span> <span class='ocrx_word' id='word_1_207' title='bbox 513 3520 613 3610; x_wconf 81' lang='grc' dir='ltr'><strong><em>ὄχλον</em></strong></span> <span class='ocrx_word' id='word_1_208' title='bbox 633 3518 698 3609; x_wconf 84' lang='grc' dir='ltr'>χάρ</span> <span class='ocrx_word' id='word_1_209' title='bbox 720 3527 891 3590; x_wconf 73' lang='grc' dir='ltr'><strong><em>εἰσπεσεῖν</em></strong></span> <span class='ocrx_word' id='word_1_210' title='bbox 908 3515 1117 3608; x_wconf 72' lang='grc' dir='ltr'><strong><em>ᾐσχυνόμην,</em></strong></span> 
     </span>
    </p>

    <p class='ocr_par' dir='ltr' id='par_1_12' title="bbox 182 3624 1246 3928">
     <span class='ocr_line' id='line_1_32' title="bbox 315 3624 1049 3715; baseline -0.003 -18"><span class='ocrx_word' id='word_1_211' title='bbox 315 3627 400 3699; x_wconf 79' lang='grc' dir='ltr'><strong><em>ὥσθ’</em></strong></span> <span class='ocrx_word' id='word_1_212' title='bbox 422 3627 609 3715; x_wconf 60' lang='grc' dir='ltr'><strong><em>ἱστορῆσαι,</em></strong></span> <span class='ocrx_word' id='word_1_213' title='bbox 630 3624 693 3704; x_wconf 81' lang='grc' dir='ltr'><strong><em>σάς</em></strong></span> <span class='ocrx_word' id='word_1_214' title='bbox 713 3625 799 3713; x_wconf 77' lang='grc' dir='ltr'><strong><em>ἐμάς</em></strong></span> <span class='ocrx_word' id='word_1_215' title='bbox 823 3627 1049 3714; x_wconf 76' lang='grc' dir='ltr'><strong><em>δυσχλαινίας,</em></strong></span> 
     </span>
     <span class='ocr_line' id='line_1_33' title="bbox 182 3734 1246 3821; baseline 0.001 -23"><span class='ocrx_word' id='word_1_216' title='bbox 182 3736 211 3798; x_wconf 94' lang='lat' dir='ltr'>h.</span> <span class='ocrx_word' id='word_1_217' title='bbox 225 3755 262 3812; x_wconf 81' lang='lat' dir='ltr'>e,</span> <span class='ocrx_word' id='word_1_218' title='bbox 283 3740 409 3805; x_wconf 82' lang='lat' dir='ltr'>uerebar</span> <span class='ocrx_word' id='word_1_219' title='bbox 420 3739 543 3821; x_wconf 90' lang='lat' dir='ltr'>propter</span> <span class='ocrx_word' id='word_1_220' title='bbox 554 3738 723 3803; x_wconf 86' lang='lat' dir='ltr'>deformem</span> <span class='ocrx_word' id='word_1_221' title='bbox 737 3734 885 3801; x_wconf 86' lang='lat' dir='ltr'>vestitum</span> <span class='ocrx_word' id='word_1_222' title='bbox 895 3735 993 3800; x_wconf 84' lang='lat' dir='ltr'>turbae</span> <span class='ocrx_word' id='word_1_223' title='bbox 1007 3755 1058 3802; x_wconf 92' lang='lat' dir='ltr'>me</span> <span class='ocrx_word' id='word_1_224' title='bbox 1069 3735 1246 3800; x_wconf 87' lang='lat' dir='ltr'>immiscere</span> 
     </span>
     <span class='ocr_line' id='line_1_34' title="bbox 182 3837 1246 3928; baseline 0 -22"><span class='ocrx_word' id='word_1_225' title='bbox 182 3842 359 3909; x_wconf 80' lang='lat' dir='ltr'>sciscitandi</span> <span class='ocrx_word' id='word_1_226' title='bbox 380 3863 481 3910; x_wconf 85' lang='lat' dir='ltr'>causa.</span> <span class='ocrx_word' id='word_1_227' title='bbox 534 3843 615 3909; x_wconf 89' lang='lat' dir='ltr'>Nam</span> <span class='ocrx_word' id='word_1_228' title='bbox 637 3837 841 3928; x_wconf 79' lang='grc' dir='ltr'><strong><em>αἰσχύνομαί</em></strong></span> <span class='ocrx_word' id='word_1_229' title='bbox 862 3865 895 3905; x_wconf 86' lang='grc' dir='ltr'><strong><em>σι</em></strong></span> <span class='ocrx_word' id='word_1_230' title='bbox 918 3855 1032 3906; x_wconf 82' lang='grc' dir='ltr'><strong><em>ποιεῖν</em></strong></span> <span class='ocrx_word' id='word_1_231' title='bbox 1054 3867 1086 3906; x_wconf 82' lang='grc' dir='ltr'><strong><em>σι</em></strong></span> <span class='ocrx_word' id='word_1_232' title='bbox 1114 3842 1177 3906; x_wconf 86' lang='lat' dir='ltr'>est:</span> <span class='ocrx_word' id='word_1_233' title='bbox 1201 3841 1246 3906; x_wconf 88' lang='lat' dir='ltr'>sio</span> 
     </span>
    </p>
   </div>
   <div class='ocr_carea' id='block_1_3' title="bbox 58 3946 1245 4143">
    <p class='ocr_par' dir='ltr' id='par_1_13' title="bbox 25 3946 1245 4143">
     <span class='ocr_line' id='line_1_35' title="bbox 183 3946 1244 4035; baseline 0.002 -23.611"><span class='ocrx_word' id='word_1_234' title='bbox 183 3947 312 4014; x_wconf 85' lang='lat' dir='ltr'>alieuius</span> <span class='ocrx_word' id='word_1_235' title='bbox 333 3951 377 4017; x_wconf 86' lang='lat' dir='ltr'>rei</span> <span class='ocrx_word' id='word_1_236' title='bbox 398 3970 448 4016; x_wconf 86' lang='lat' dir='ltr'>ms</span> <span class='ocrx_word' id='word_1_237' title='bbox 468 3950 572 4035; x_wconf 88' lang='lat' dir='ltr'>pudet,</span> <span class='ocrx_word' id='word_1_238' title='bbox 594 3952 629 4015; x_wconf 87' lang='lat' dir='ltr'>ut</span> <span class='ocrx_word' id='word_1_239' title='bbox 650 3949 688 4015; x_wconf 94' lang='lat' dir='ltr'>ob</span> <span class='ocrx_word' id='word_1_240' title='bbox 708 3947 741 4012; x_wconf 91' lang='lat' dir='ltr'>id</span> <span class='ocrx_word' id='word_1_241' title='bbox 759 3947 860 4033; x_wconf 38' lang='lat' dir='ltr'>,facero</span> <span class='ocrx_word' id='word_1_242' title='bbox 881 3946 997 4032; x_wconf 88' lang='lat' dir='ltr'>aliquid</span> <span class='ocrx_word' id='word_1_243' title='bbox 1017 3967 1131 4016; x_wconf 85' lang='lat' dir='ltr'>verear.</span> <span class='ocrx_word' id='word_1_244' title='bbox 1163 3948 1244 4015; x_wconf 85' lang='lat' dir='ltr'>Xon.</span> 
     </span>
     <span class='ocr_line' id='line_1_36' title="bbox 58 4048 1245 4143; baseline 0.004 -26"><span class='ocrx_word' id='word_1_245' title='bbox 58 4064 61 4069; x_wconf 82' lang='grc'><em>“</em></span> <span class='ocrx_word' id='word_1_246' title='bbox 183 4052 271 4119; x_wconf 84' lang='lat' dir='ltr'>anab.</span> <span class='ocrx_word' id='word_1_247' title='bbox 298 4053 338 4129; x_wconf 89' lang='lat' dir='ltr'>H,</span> <span class='ocrx_word' id='word_1_248' title='bbox 362 4057 392 4135; x_wconf 87' lang='grc'>3,</span> <span class='ocrx_word' id='word_1_249' title='bbox 421 4057 476 4121; x_wconf 77' lang='lat'>22:</span> <span class='ocrx_word' id='word_1_250' title='bbox 499 4048 724 4143; x_wconf 69' lang='grc' dir='ltr'><strong><em>ᾐσχύνθημεν</em></strong></span> <span class='ocrx_word' id='word_1_251' title='bbox 746 4053 801 4118; x_wconf 70' lang='grc' dir='ltr'>καὶ</span> <span class='ocrx_word' id='word_1_252' title='bbox 825 4049 935 4129; x_wconf 80' lang='grc' dir='ltr'><strong><em>θεσός</em></strong></span> <span class='ocrx_word' id='word_1_253' title='bbox 956 4057 1009 4122; x_wconf 76' lang='grc' dir='ltr'>καὶ</span> <span class='ocrx_word' id='word_1_254' title='bbox 1033 4048 1245 4140; x_wconf 77' lang='grc' dir='ltr'><strong><em>άνθράσισσς</em></strong></span> 
     </span>
    </p>
   </div>
   <div class='ocr_carea' id='block_1_4' title="bbox 0 0 1301 4530">
    <p class='ocr_par' dir='ltr' id='par_1_14' title="bbox 0 0 1301 4530">
     <span class='ocr_line' id='line_1_37' title="bbox 0 0 1301 4530; baseline 0 0"><span class='ocrx_word' id='word_1_255' title='bbox 0 0 1301 4530; x_wconf 95' lang='lat' dir='ltr'> </span> 
     </span>
    </p>
   </div>
  </div>
 </body>
</html>
