2580 4530
546 222 605 277 Lib.
624 219 668 278 V(
1023 224 1081 284 721

64 471 104 493 ..
131 420 300 491 .ὂτών.
325 471 331 488 .
356 414 511 488 ,κύκλον
544 428 649 502 ποιεῖ)
689 424 721 488 et
753 421 810 498 IX,
841 423 890 501 56,
919 425 973 486 57:
1010 427 1063 488 καὶ
1097 428 1128 490 εἰ

63 526 246 618 χρημάτων
266 533 332 613 μὲν
353 526 463 605 ἅπαξ
484 522 670 614 ἄλλουρίων
698 523 791 615 μηδ’
820 535 1001 614 ἐπιθυμοῖ,
1029 527 1124 616 ὑβρι-

63 637 147 722 στής
170 638 203 704 δὲ
226 630 372 722 εἶπάρχοι
395 643 435 716 (v.
463 631 645 723 χρημάτων
665 641 730 720 μὲν
752 631 863 716 ἅρπαξ
886 630 1070 720 σ’λλσιρίων
1093 639 1126 703 dd

64 750 248 827 ἐπιθυμοῖ)
289 746 312 820 t,
335 746 371 808 ut
392 745 492 808 multa
513 742 695 820 transiliam,
718 743 750 806 iu
770 745 914 826 praeclaro
926 743 1128 826 Theophrasti

64 851 240 938 fragmento
262 852 372 941 XLIV,
397 853 435 913 22
458 849 592 933 primum
613 869 643 931 p.
667 848 726 911 166
748 848 842 914 Mein.
864 869 894 914 v.
917 850 971 913 22:
995 845 1017 934 ἢ
1039 859 1131 937 ε”χον-

62 983 119 1031 aec
140 952 190 1042 ριν)
214 947 329 1042 λέγουσι
352 958 402 1038 το]
432 955 651 1040 ἐωνημένῳ
675 956 794 1032 (νεών
817 948 1126 1040 §conplementum

61 1085 92 1148 p.
115 1064 223 1129 eadem
248 1084 275 1129 v.
299 1063 357 1126 30:
392 1064 465 1128 ἐπεὶ
494 1063 527 1127 δὲ
556 1063 610 1127 ναὶ
642 1063 882 1147 προστασίᾳ
911 1063 998 1141 (dicis
1022 1071 1126 1142 consa)

61 1176 151 1244 τινὲς
183 1165 350 1235 σι’·νσὺνσαι
384 1170 437 1234 ναὶ
467 1169 640 1234 πωλοῦσιν
663 1171 703 1248 (v.
727 1168 928 1255 προστασίαι
951 1172 1063 1246 τινὲς),
1098 1190 1127 1253 p.

64 1278 170 1344 autem
194 1278 252 1339 167
275 1297 304 1341 v.
328 1277 347 1338 3
370 1275 572 1358 supplendum
607 1268 708 1359 ω’νήν,
745 1295 805 1340 οσο
830 1267 983 1360 ducisne,
1018 1275 1127 1339 deinde
1223 1334 1226 1340 .

63 1404 90 1450 v.
115 1385 155 1444 14
177 1383 389 1449 scribendum:
424 1375 529 1447 οἷλλοῖ
560 1384 614 1448 ool
644 1387 681 1446 ἐν
710 1382 755 1467 τῷ
784 1379 870 1467 ὅρκῳ
893 1384 1127 1466 προσορκίζειν

62 1509 126 1574 pro·
140 1483 215 1574 ἅμα
239 1491 304 1565 uot,
327 1490 393 1552 tum
414 1508 444 1570 p.
462 1488 520 1551 168
543 1509 573 1554 v.
596 1490 615 1551 6
636 1488 808 1554 tollendum
830 1484 977 1573 πότερον
999 1491 1045 1567 (ut
1066 1488 1125 1552 sit:

60 1592 98 1662 cd
124 1596 160 1660 δὲ·
188 1597 362 1680 ἐπιτίμιον
389 1595 550 1680 ἑκατέρῳ,
586 1597 631 1679 νῷ
662 1599 727 1677 μὲν
753 1599 904 1680 στέρησις
927 1647 933 1660 .
960 1645 967 1659 .
991 1642 999 1658 .
1022 1595 1067 1679 τῷ
1090 1595 1124 1660 δὲ

60 1696 111 1787 nd
135 1702 304 1788 δεχομένῳ
327 1710 450 1773 ducents
473 1725 500 1766 ιι.
524 1726 553 1764 υ.
575 1701 628 1779 l).
662 1701 707 1764 'In
730 1721 790 1766 nno
814 1703 880 1767 loco
903 1702 1009 1778 (XCV,
1032 1704 1069 1762 21
1094 1720 1125 1783 p.

60 1809 134 1889 201)
167 1828 229 1873 non
261 1810 345 1874 recte
378 1826 397 1871 a
425 1807 578 1872 Mciuelrio
613 1807 731 1871 tentata
763 1810 810 1872 est
842 1808 974 1872 nominis
1006 1808 1121 1889 proprii

58 1915 225 1992 restitutio,
247 1918 283 1979 ut
302 1933 357 1996 pro
380 1907 398 1977 ὁ
420 1909 516 1985 docco
538 1912 690 1977 scribatur
712 1907 892 1986 δ”Ασσισς
915 1913 1122 1998 significetur-

59 2039 116 2104 que
139 2020 319 2096 Cleanthem
356 2037 428 2083 nam
450 2019 485 2082 ut
506 2022 638 2097 taceam,
671 2032 823 2103 nusquam
846 2019 944 2084 sicin
967 2019 1115 2084 Cleanthe

60 2126 246 2192 celebratam
268 2126 535 2190 commemorando
550 2125 681 2207 patriam
696 2145 774 2204 esso,
795 2127 832 2190 ut
852 2127 1034 2209 simpliciter
1056 2127 1121 2190 eine

62 2233 184 2298 nominc
219 2233 268 2296 hic
295 2233 459 2317 significari
480 2232 595 2314 posset,
618 2249 708 2295 nemo
729 2253 806 2297 unus
829 2234 892 2298 sive
915 2233 1036 2298 Stoicus
1059 2232 1123 2298 sive

62 2340 138 2404 alius
160 2337 362 2421 philosophus
384 2339 416 2402 iu
439 2339 497 2402 hac
516 2337 652 2421 generali
677 2340 847 2420 (praesentis
868 2340 1030 2422 temporis)
1052 2358 1124 2404 sen-

60 2445 159 2513 tentia
181 2446 328 2528 appellari
355 2445 494 2527 poterat,
523 2444 577 2507 scd
604 2444 693 2508 homo
717 2464 832 2528 pauper
855 2446 995 2511 universe
1018 2445 1122 2528 appel-

59 2551 172 2616 landus
194 2554 268 2615 erat.
303 2551 522 2616 Scribendum:
544 2543 645 2616 Ἐπεὶ
670 2552 723 2615 not
747 2545 999 2617 τῶντοιούτων
1022 2575 1124 2633 φρον-

61 2656 163 2723 τίδων
183 2671 244 2740 pont
268 2656 358 2720 deuel
381 2650 398 2721 ὁ
422 2653 549 2741 ἄβιος
571 2659 753 2741 λελυμένος
769 2657 859 2724 πολύ
881 2653 1125 2744 ειῖσχσλώιερος

61 2763 146 2832 εἶναι
170 2763 215 2848 τῷ
238 2763 346 2848 μηδὲν
369 2755 459 2847 αι’τῷ
483 2757 657 2848 ὑπάρχειν.
709 2763 885 2829 Contrarius
907 2767 1014 2831 statim
1036 2764 1123 2846 poni-

60 2871 109 2962 tur
131 2865 150 2936 c‘
175 2862 350 2942 πλούσιος.
403 2870 564 2933 Postremo
593 2868 728 2949 lepidum
754 2873 927 2952 exemplum
948 2872 1122 2937 litterarum

60 2977 141 3042 male
164 2978 373 3058 separatarum
397 2978 428 3040 ct
457 2973 687 3038 coniunctarum
715 2975 789 3055 (vid.
813 2995 905 3058 snpra
926 2996 953 3058 p.
978 2979 1017 3038 16
1041 2982 1123 3059 sqq.)

21 3071 25 3077 ’
60 3083 172 3148 addam
197 3100 213 3145 c
235 3082 407 3165 fragmento
430 3079 597 3158 Hieroclis,
626 3080 707 3162 qnod
729 3080 898 3159 LXXXIV,
926 3082 966 3143 23
994 3082 1122 3166 legitur,

59 3207 129 3252 nam
151 3187 205 3263 ibi,
240 3206 279 3250 ne
311 3189 385 3252 alios
419 3187 550 3253 lectores
583 3204 753 3264 numerem,
795 3187 847 3270 qni
874 3187 963 3269 pauci
991 3186 1123 3263 fuerunt,

63 3295 195 3359 editores
217 3294 282 3357 haec
304 3295 457 3357 tulerunt:
487 3287 572 3356 ὥστε
595 3293 723 3378 εἴρηται
751 3289 805 3357 θινὶ
831 3289 1011 3375 συντόμων
1034 3287 1123 3357 υπο-

59 3394 173 3485 θήκης
196 3393 252 3482 c'p’
277 3389 316 3484 ἧς
340 3402 413 3472 πῶς
437 3393 498 3485 χρή
527 3404 782 3483 προσφέρεσθαι
810 3406 1020 3486 συγγενέσιν,
1056 3419 1122 3482 quae

59 3525 158 3590 noque
193 3508 378 3570 structuram
415 3523 513 3588 neque
542 3506 727 3571 sententiam
753 3506 881 3581 habent;
918 3524 954 3569 ea
979 3507 1122 3570 nascetur

60 3611 119 3676 sic:
144 3607 228 3677 ὥστε
256 3604 665 3697 εἴρηται..’.ὑποθήιιη
688 3608 841 3696 σαφής,
863 3613 936 3684 πώς
958 3606 1019 3696 χρή
1043 3637 1078 3676 π.
1093 3638 1121 3677 σ.

160 3717 386 3782 Constitueram
411 3718 546 3782 extremo
569 3719 636 3784 loco
663 3719 930 3784 miscellaneorum
954 3739 1008 3800 cap
1031 3721 1045 3783 t
1066 3722 1121 3785 ad-

61 3822 147 3896 dere,
183 3824 214 3888 in
250 3823 331 3908 quod
366 3822 548 3889 conticerem
573 3825 736 3890 materiam
766 3826 805 3890 ad
832 3827 932 3890 varios
960 3825 1123 3907 scriptores

60 3931 273 4010 pertinentem,
294 3930 470 3995 universam
487 3948 546 3994 non
561 3931 606 3995 ita
619 3948 757 4012 parvam,
779 3932 810 3995 in
829 3931 957 4015 singulis
973 3931 1123 4015 exiguam,

107 4057 216 4092 Mdnvron
229 4059 306 4092 nevam.
319 4058 369 4091 Cen·
890 4068 922 4112 46
