2580 4530
597 278 658 334 uro.
676 276 714 333 11.
844 310 851 323 -
1077 279 1137 342 aba
1253 262 1257 277 ¹

124 475 215 541 aulis
237 477 334 542 verba
353 476 501 550 imitatur,
532 477 656 560 ineptus
677 479 726 543 est
746 480 900 562 optativus
915 499 970 563 pro
982 480 1179 564 imperalium
1262 532 1264 537 .

124 579 317 647 scribendum
339 579 523 666 ἐλεήσας.
573 581 708 648 Auditur
732 586 830 651 onim:
859 579 1035 654 αἰιολῦσόι
1055 613 1109 670 με.

216 686 287 752 Ibd.
310 687 388 754 893:
808 710 815 775 j

259 793 321 866 Tio
343 786 396 879 ἆρ’
418 791 438 864 ἆ
459 783 735 882 φεύγωιοῦτοςς
758 793 841 862 ὅσον
862 791 1038 863 dinoscens.

214 898 327 983 Neque
361 898 444 969 ὅσον
475 905 511 967 ut
544 896 617 967 οἷον
645 902 677 966 in
704 901 901 967 exclamando
916 894 919 899 ’
935 904 1058 987 ponitur
1083 921 1179 987 neque

116 1004 241 1085 aptum:
271 1008 512 1092 quantopere
534 1007 724 1089 capietur!
768 1007 988 1074 Scribeudnmr
1017 1002 1066 1082 ὥς
1093 1002 1178 1074 6λῶ-

115 1135 222 1175 casce.
270 1111 318 1177 De
351 1106 398 1186 cir
435 1131 506 1177 oum
538 1111 640 1178 futuro
673 1112 832 1177 indicativi
863 1114 895 1178 in
910 1128 913 1143 ¹
928 1115 1113 1180 confidenter
1147 1118 1179 1182 et

114 1236 201 1298 pane
225 1219 355 1301 superbe
379 1218 586 1284 denuntiando
607 1221 639 1283 et
659 1217 852 1301 praediceudo
883 1220 982 1303 posito
1013 1221 1178 1286 lllmsleius

114 1323 191 1388 dixit
210 1323 250 1387 ad
270 1323 426 1406 Euripidis
448 1323 529 1388 Med.
551 1322 611 1413 609
634 1324 741 1402 (Andr.
765 1324 836 1401 587,
860 1325 968 1392 Phoen.
994 1327 1085 1404 1664,
1107 1327 1176 1392 Η61.

112 1429 190 1503 831,
223 1429 302 1521 Hec.
330 1430 405 1506 400,
446 1429 546 1514 Iphig.
576 1428 648 1493 Aul.
677 1429 773 1506 1367,
806 1429 965 1514 Aristoph.
990 1432 1067 1498 Aah.
1100 1432 1176 1510 335;

111 1536 192 1618 synt.
218 1534 318 1600 Graec.
341 1535 359 1618 §
381 1534 443 1598 215
464 1536 489 1599 b'
505 1536 568 1600 not.
593 1535 636 1618 2).
732 1547 740 1565 ι

211 1640 280 1707 lod
307 1641 389 1703 1060
410 1660 493 1724 sqq:

167 1736 224 1814 Ὦ
245 1741 354 1812 πάλαι
376 1740 453 1813 ποτ’
474 1743 572 1819 ὄντες
593 1741 693 1832 ἡμεῖς
715 1742 855 1830 ἄλκιμοι
876 1751 942 1832 μὲν
964 1755 1001 1814 ἐν
1021 1765 1145 1836 χοροῖς,

171 1849 313 1936 ἄλκιμοι
336 1848 366 1920 δ’
388 1860 425 1919 ἐν
445 1846 585 1940 μάχαις,

172 1961 229 2024 καὶ
254 1952 326 2024 κατ’
348 1953 432 2025 αὐτό
455 1960 556 2026 τοῦτο
578 1951 690 2044 μόνον
712 1954 834 2041 ἄνδρες
854 1954 1103 2046 μαχιμώτατοι.

209 2064 412 2131 Scribeudum
445 2065 584 2142 videtur,
618 2064 735 2129 adscita
768 2063 902 2129 Bentleii
937 2066 1055 2131 nltimae
1084 2067 1176 2168 vocis,

112 2191 178 2255 qua
202 2171 305 2237 versui
325 2191 389 2260 nou¹
406 2170 566 2246 satisfacit,
589 2169 787 2235 correctione:
1006 2164 1010 2169 ’

152 2272 230 2344 κου’
253 2271 323 2344 κατ’
345 2271 431 2343 αὐτὸ
453 2278 554 2342 τοῦτο
575 2268 687 2360 μόνον
709 2272 830 2361 ἄνδρες
851 2271 1155 2360 αἰιδριιιώτατοι

112 2385 159 2461 (ut
182 2385 229 2449 illi
249 2377 360 2470 μόνον
381 2384 517 2448 inversu
539 2382 954 2464 antistrophicorespondeat
969 2403 1030 2449 una
1044 2389 1177 2452 extrema

111 2491 231 2574 syllaba
253 2492 334 2556 vocis
357 2493 468 2555 πλέων
500 2484 707 2570 scribaturque
740 2497 849 2566 κεῖσε).
896 2488 1008 2555 Subest
1037 2492 1178 2557 obscoena

110 2596 295 2681 significatio
316 2596 395 2661 alius
416 2594 581 2661 virilitatis.
1075 2581 1078 2588 ’

211 2703 285 2768 Pac.
308 2702 369 2764 415
392 2702 451 2766 etsi
473 2700 571 2767 audax
594 2702 642 2764 est
673 2699 821 2782 suspicari
842 2700 958 2784 aliquid
980 2702 1019 2767 de
1039 2704 1087 2782 iis,
1110 2724 1176 2786 quae

111 2809 323 2874 Herodianum
347 2808 410 2871 iarn
432 2807 537 2871 eodem
559 2805 659 2879 ruodo,
682 2825 741 2888 quo
754 2807 794 2897 sin
817 2806 971 2873 codicibus
994 2809 1175 2887 scribantur,

110 2917 230 2998 scripio
250 2914 394 2978 habuisse
415 2914 551 2988 tradunt,
573 2930 634 2975 non
661 2930 786 2994 possum
809 2914 913 2978 tamen
935 2915 1053 2988 tacere,
1080 2915 1176 2979 videri

108 3019 437 3102 mihiAristophanem
454 3036 516 3081 una
536 3035 610 3081 voce
629 3016 731 3082 dativo
743 3037 815 3082 casu
833 3018 994 3100 scripsisse
1009 3019 1062 3082 aut
1076 3014 1175 3102 ripo-

107 3125 384 3210 μαριωλιάις,
429 3123 563 3188 minutos
605 3141 720 3187 errores
758 3124 789 3186 et
826 3122 913 3204 quasi
954 3122 1036 3186 furta
1081 3125 1175 3208 signi-

107 3233 264 3305 ficantem,
287 3232 341 3295 aut
361 3225 725 3313 ὐφα-ρμαιωλίαις,
761 3227 919 3312 aurigandi
945 3227 1065 3292 furtivis
1092 3229 1174 3293 irau-

106 3338 242 3414 dibus.¹)

212 3442 278 3507 lbd.
303 3438 363 3502 603
386 3461 451 3524 sqq.
495 3442 554 3505 Hic
576 3441 699 3524 quidem
721 3439 980 3522 antiquissimum,
1006 3439 1091 3504 iuitio
1112 3461 1172 3507 non

123 3608 315 3617 ὑ...-

124 3705 147 3775 ¹)
177 3706 210 3760 V.
230 3708 282 3763 273
300 3708 373 3776 quod
392 3709 527 3777 positurus
538 3725 609 3763 eram
629 3713 647 3775 (.
667 3750 674 3763 .
694 3747 700 3758 .
720 3704 772 3761 uois
792 3707 883 3762 δέοντι
901 3709 935 3779 τῇ
955 3705 1040 3773 πόλει,
1061 3708 1172 3775 stupis

179 3818 210 3867 γε
229 3796 279 3853 τὸν
297 3798 439 3866 μυττωτὸν
458 3795 523 3870 ’ἡμῖν
542 3800 631 3870 ἐγχέαι
649 3816 697 3870 pro
716 3797 732 3870 ἢ
752 3799 836 3868 πρὶν),
856 3799 1026 3853 scholiastam
1044 3799 1171 3869 scriptum

179 3891 316 3955 habuisse,
336 3892 471 3947 intellexit
495 3892 649 3947 Diudorfius
676 3896 816 3947 ettamen
839 3907 943 3946 versum
971 3891 1058 3947 delere
1076 3893 1173 3947 maluit

180 3999 263 4054 quarn
281 3987 353 4039 recte
383 3986 511 4054 scriptum
534 4002 645 4050 servaro
670 3985 839 4056 aptissimum
863 3988 891 4039 et
913 3986 1089 4041 necessarium
1112 4002 1171 4039 seu·

181 4078 286 4132 tentia.
