2580 4530
599 216 660 272 Lib.
678 216 711 273 V.
1084 215 1143 276 717

124 409 212 497 με’να
235 417 377 482 τιλειόνα
399 411 465 502 τήν
497 410 631 492 εὐεξίαν
665 423 752 502 ἔχειν
782 416 851 479 τοῖν
887 417 966 500 eropi
995 414 1094 497 ,σῶμα
1129 415 1183 479 καί

124 523 192 588 τῶν
213 516 316 596 ἐκτός.
362 525 490 588 Fuerat:
513 516 742 604 πλείσνατήν
764 515 895 597 α’ξίαν.
982 576 985 581 .

224 630 268 695 Ρ.’
283 631 344 694 164
368 631 580 696 scribendum:
618 630 673 694 καλ
708 633 974 716 συγκαταθέσεις
997 631 1062 710 μὲν
1084 622 1184 702 deod-

123 738 209 820 μασί
232 763 333 812 τισιν,
358 730 468 820 ὅρμσὶς
497 731 526 803 δ’
553 737 608 801 ἐστὶ
637 731 919 820 κατηγορήματα,
951 730 996 799 coi-
1027 726 1183 820 περιεχό-

117 837 212 928 pond
235 869 308 916 κως
329 850 458 916 ἐντοῖς
480 835 678 927 ἀξιώμασιν,
701 839 742 907 οἷ
745 867 762 914 ς
785 847 825 921 (v.
839 846 887 922 αἱ)
910 845 1184 927 συγκαταθέσεις.

222 951 259 1014 Ρ.
282 952 342 1014 218
363 951 587 1016 restituendum
610 969 626 1014 c
648 949 819 1014 codicibus:
843 941 915 1016 ἀλλ’
937 941 1028 1032 copi
1050 949 1182 1025 (Heoreu

122 1059 200 1141 εἴγε,
223 1056 317 1122 Mein.
342 1047 407 1122 οὖν
439 1058 484 1141 εἰ)
513 1051 551 1121 cri
586 1056 714 1133 ψευδος
747 1049 799 1119 ἐπ’
830 1059 905 1137 ἴσης
937 1049 1064 1134 psidie
1091 1061 1182 1119 ἐστιν

122 1156 195 1248 οὐχὶ
218 1163 253 1229 δὲ
277 1164 330 1228 καλ
357 1168 390 1228 οἱ
413 1164 647 1247 διεψευσμένοι
671 1153 724 1226 ἐπ’
745 1164 820 1246 ἴσης
845 1162 908 1227 εἰσὶ
932 1162 1181 1252 διεψευσμένοι,

121 1269 234 1334 Incidit
255 1270 384 1335 Ioannes
407 1272 461 1334 aut
481 1270 583 1353 potius
604 1271 648 1346 is,
677 1288 767 1351 quem
789 1268 944 1352 sequitur,
975 1267 1007 1331 in
1031 1286 1099 1334 earn
1120 1268 1182 1334 for-

121 1392 223 1452 mam,
256 1394 316 1457 qua
336 1375 444 1463 Latini!
471 1376 504 1441 iu
534 1374 753 1442 coniunctionis
781 1375 943 1455 negatione
963 1376 1092 1439 utuntur
1127 1375 1179 1456 (de

120 1499 180 1563 qua
201 1480 262 1545 dixi
284 1481 460 1548 adolescens
489 1483 521 1546 in
549 1480 716 1545 emendati.
743 1481 776 1543 in
799 1479 953 1544 Ciceronis
978 1479 1126 1544 Academ.
1149 1481 1182 1545 et

120 1584 158 1650 de
179 1586 298 1669 legibus
318 1609 349 1671 p.
375 1588 462 1669 156):
483 1609 545 1651 nou
567 1604 653 1649 συικο
672 1577 864 1649 ιαειῐδσεὶκια
886 1607 968 1670 αηιισ
989 1585 1180 1649 mendacium

120 1699 161 1752 est
185 1701 212 1752 ct
232 1714 294 1755 non
321 1715 422 1757 omncs
453 1692 568 1778 decepti
603 1714 686 1776 oeqoe
716 1693 831 1776 decepti
865 1702 935 1754 sunt
966 1692 1035 1775 (cfr.
1057 1692 1119 1758 dic.
1142 1693 1180 1758 de

119 1796 210 1861 divin
244 1799 268 1871 Ι,
292 1799 341 1872 83,
378 1799 419 1878 ΙΙ,
451 1798 531 1875 102).
585 1797 693 1864 Graece
724 1798 867 1863 usitatius
902 1801 1002 1863 esset:
1035 1793 1108 1883 οὐχὶ
1139 1794 1180 1870 cd

118 1906 183 1985 μὲν
204 1904 330 1983 ψεῦδος
352 1906 404 1970 ἐπ’
426 1908 500 1990 ἴσης
526 1921 562 1984 ψ.
586 1910 629 1981 d,
659 1909 691 1970 oi
712 1905 755 1970 ,δὲ
784 1906 1019 1989 διεψευσμένοι
1042 1901 1104 1970 ουκ
1127 1901 1179 1970 ἐπ’

119 2012 193 2093 ἴσης
212 2011 275 2075 εἰσὶ
299 2011 329 2076 δ.
367 2013 438 2077 Nou
452 2026 541 2095 posse
554 2012 695 2095 coniungi
710 2011 837 2076 alterius
854 2011 1088 2076 affirmationem
1107 2031 1178 2077 cum

116 2117 242 2182 alterius
265 2119 427 2202 negatione
450 2120 647 2204 significatur,
669 2119 783 2201 itaque,
805 2117 833 2181 si
852 2119 982 2182 alterum
996 2117 1175 2195 affirmetur,

117 2223 211 2288 etiam
247 2224 387 2290 arcemn
409 2225 624 2290 affirmandum
657 2243 735 2290 esso.
789 2223 839 2287 Ad
868 2223 1009 2288 Graecam
1042 2223 1176 2291 formam

115 2330 245 2396 Ioannes
284 2331 407 2413 scripsit
443 2331 532 2414 paulo
570 2333 639 2414 post
675 2351 703 2414 p.
739 2330 814 2394 220:
860 2336 908 2395 ε”τι
941 2325 1015 2416 οὐχὶ
1053 2326 1176 2416 κατόρ-

115 2444 222 2519 θωμα
249 2441 314 2521 μὲν
341 2442 459 2522 μεῖζον
494 2439 549 2502 καὶ
584 2437 725 2501 ἔλαττον
758 2429 800 2502 nc’
832 2437 1033 2524 γίγνεσθαι,
1066 2432 1177 2523 εἱμάρ-

115 2569 208 2628 τημα
242 2545 276 2610 δὲ
308 2550 425 2629 μεῖζον
457 2537 479 2629 ἢ
513 2547 654 2608 ἔλαττον
689 2545 888 2632 γίγνεσθαι,
922 2545 975 2610 ubi
1004 2544 1173 2611 Heerenius

115 2644 157 2717 οὐ
178 2651 250 2716 ante
274 2653 405 2717 alterum
427 2652 609 2739 γίγνεσθαι
631 2651 826 2731 interposuit,
865 2652 898 2717 in
920 2651 1055 2717 codicum
1077 2652 1175 2735 scrip-

112 2760 191 2831 tura,
214 2757 328 2840 opinor,
355 2760 515 2836 aberrans;
542 2759 592 2823 hic
612 2757 694 2822 euim
719 2758 882 2841 utrumque
905 2758 1079 2842 negandum
1106 2776 1173 2823 esse

113 2864 314 2948 significatur.
892 2914 895 2919 .

212 2973 248 3038 P.
272 2971 335 3036 300
355 2991 372 3036 e
394 2969 545 3036 codicibus
567 2969 777 3049 scribendum:
808 2961 893 3043 nido,
916 2994 1019 3054 φησιν
1040 2964 1058 3034 o‘
1084 2961 1172 3034 Θεό-

112 3100 279 3161 φραστος,
308 3082 345 3142 ἐν
365 3089 440 3148 ταῖς
461 3075 627 3161 ἐντυχίαις
649 3069 701 3141 ὁδὶ
723 3079 788 3160 μὲν
810 3071 919 3140 πολλα
944 3070 1093 3142 διελθών
1116 3076 1171 3139 καὶ

110 3181 249 3266 μακρῶς
269 3174 509 3270 α’δσλεοχησας,
530 3175 582 3248 ὁδὶ
606 3182 640 3246 δὲ
663 3177 759 3266 ὀλίγα
780 3186 847 3264 μὲν
868 3174 946 3248 οὐδὲ
968 3175 1171 3268 τοῖναγκαῖα,

111 3276 212 3360 οὗτος
235 3289 268 3353 δὲ
291 3283 398 3363 uisci,
427 3284 450 3354 ci
477 3289 564 3361 ἔδει,
594 3282 655 3351 cdv
679 3281 798 3371 καιρόν
825 3289 949 3373 ἔλαβεν
971 3296 1012 3366 (r.
1048 3283 1085 3374 ιη’
1108 3283 1171 3354 τδν

110 3418 141 3457 κ.
164 3401 212 3473 ε’ἱ).
248 3394 318 3460 Non
334 3415 456 3479 semper
469 3395 576 3460 eodem
590 3392 682 3459 modo
699 3390 761 3460 τὸν
783 3390 901 3477 καιρόν
923 3389 1166 3480 λαμβάνεσθαι

109 3501 336 3582 Theophrastus
358 3497 484 3562 dixerat.

208 3607 244 3671 P.
256 3606 317 3667 332
329 3605 418 3669 scrib.
431 3606 463 3669 ei
473 3606 765 3691 interpungendum:
792 3651 800 3667 ·
813 3655 820 3671 .
833 3652 841 3666 .
856 3607 1058 3693 Αἰγυπτίων
1073 3601 1165 3693 προλ-

108 3737 176 3777 των
187 3715 502 3797 καταστησαμένων.
541 3710 772 3779 Πολιτικόν
786 3714 888 3779 δὲκαὶ
903 3722 943 3796 (v.
954 3740 1168 3800 καταστησο·

106 3822 232 3903 μένων,
260 3820 442 3884 πολιτικῶν
464 3818 498 3886 δὲ
528 3820 594 3898 καλ)
616 3821 685 3888 τῶν
706 3816 818 3887 ἄλλον
840 3814 901 3908 οὐχ
920 3814 1026 3906 η’ττον
1048 3824 1101 3887 καλ
1127 3817 1167 3888 co*

106 3925 147 3991 τσὶ
172 3919 244 4010 ispo*
279 3926 347 3990 τῶν
383 3926 478 3992 θεῶν
507 3931 544 3992 ἐν
575 3940 647 4000 τοῖς
685 3924 969 4013 ἐπιφανεστάτοις
1004 3929 1167 4014 ἱδρῦσθαι

106 4025 227 4102 τόποις
248 4053 275 4093 κ.
299 4056 330 4096 ι.
352 4034 382 4100 λ.
423 4032 547 4100 Novum
567 4032 771 4119 superioribus
800 4033 976 4121 adiungitur
996 4037 1166 4119 prudentia

105 4136 204 4202 civilis
225 4154 330 4222 genus.
395 4211 397 4215 .
