2580 4530
151 276 192 345 26
590 281 651 337 Lib.
667 282 690 337 I.

107 479 225 544 militer
247 479 373 557 cadant,
407 478 567 544 deficiente
595 479 690 544 etiam
716 476 749 545 in
771 482 906 544 extrema
927 481 1015 561 parts
1037 477 1178 542 vocabuli

109 584 257 668 longioris
278 586 426 651 memoria
448 587 502 649 aut
522 585 618 649 animi
639 585 817 663 intentione,
841 603 921 667 saepe
944 603 962 649 a
982 584 1115 650 librariis
1137 583 1177 648 ad

110 692 344 774 grammaticam
370 693 529 757 sententiae
555 693 684 756 formam
713 710 772 757 non
802 691 1031 757 attendentibus
1053 692 1108 755 eut
1127 704 1177 754 re'-

109 798 189 880 gulae
210 798 326 880 ignaris
351 797 589 875 contundantur,
619 800 655 862 ut
680 823 734 862 ται
767 801 800 863 et
822 805 917 875 σθαι,
945 823 1000 862 σαι
1025 798 1056 862 et
1078 802 1175 876 σθαι,

109 904 211 980 runt,
234 905 328 982 rint,
352 929 410 982 ως,
439 929 503 981 otc,
526 924 564 968 ne
589 929 662 969 σειν
686 909 718 970 et
740 914 812 981 σαι,
842 912 966 969 aaroni
990 905 1021 968 et
1045 896 1174 969 σασθαι

109 1008 140 1074 h.
162 999 358 1093 lssattingam
367 1011 399 1087 ¹).
1023 1018 1033 1029 ’“

195 1103 338 1180 Alterum
372 1118 480 1180 erroris
514 1135 610 1200 genus
644 1117 775 1180 diximus
805 1132 872 1181 esse
897 1117 930 1179 in
954 1117 1066 1182 ‘verbis
1094 1118 1176 1182 male

111 1222 288 1306 separandis
315 1223 368 1286 ant
398 1208 619 1286 continuandis
666 1222 748 1286 Nam
777 1240 849 1286 cum
875 1222 955 1305 apud
982 1224 1114 1302 veteres,
1142 1226 1177 1288 ut

110 1331 142 1395 in
164 1329 386 1412 antiquissimis
407 1329 520 1393 nostris
543 1328 704 1404 codicibus,
721 1328 865 1393 continua
887 1329 990 1392 omnia
1006 1330 1177 1395 scriberen-

111 1439 172 1514 tur,
194 1436 280 1500 nuilla
300 1436 464 1499 verborum
488 1434 691 1515 distinctione,
714 1435 798 1512 tnm,
827 1454 897 1499 cum
918 1435 1013 1499 verba
1034 1436 1177 1517 separata

111 1543 205 1608 scribi
226 1544 327 1622 copta
349 1534 431 1617 sunt,
459 1540 549 1604 facile
572 1543 626 1605 aut
648 1559 683 1604 er
705 1540 814 1622 primis
836 1541 955 1624 aliquot
970 1540 1084 1606 litteris
1107 1561 1177 1626 spe·

111 1648 173 1714 cies
194 1648 333 1713 vocabuli
349 1647 463 1729 integri
480 1646 678 1711 obiiciebatur
691 1647 784 1730 idque
802 1646 970 1728 separatim
988 1647 1178 1712 scribebatur

111 1759 174 1831 aut,
198 1774 267 1819 cum
289 1773 350 1818 non
372 1752 581 1830 insisteretur,
604 1753 657 1817 ubi
678 1753 855 1834 oportebat,
884 1771 920 1816 er
941 1753 1177 1837 duobus'pluri-

112 1862 206 1932 busve
233 1880 329 1925 unum
358 1859 549 1925 conflabatur
577 1860 767 1925 vocabulum.
823 1859 883 1924 Sed
913 1860 982 1922 cum
1014 1846 1176 1941 inpriore

112 1969 222 2033 erroris
245 1968 347 2050 specis
368 1966 614 2048 relinquerentur
636 1964 749 2031 littorio
771 1985 862 2031 sensu
884 1972 992 2039 cassas,
1024 1966 1057 2028 in
1080 1965 1177 2029 altera

110 2075 266 2139 interdum
288 2074 411 2137 tantum
432 2091 503 2155 pars
526 2074 682 2155 sequentis
710 2072 852 2138 vocabuli
873 2072 912 2135 ad
933 2061 1176 2153 prius·trahere-

111 2181 171 2254 tur,
193 2164 373 2261 ut‘reliquae
394 2177 506 2242 litterae
529 2179 634 2243 eodem
657 2179 747 2244 modo
769 2179 980 2262 superessent,
1008 2196 1102 2260 prope
1123 2184 1176 2241 nes*

112 2285 245 2348 cessario
268 2284 374 2349 statim
397 2283 623 2366 adiungebatur
644 2288 770 2350 conatus
790 2285 902 2367 'aliquis
925 2281 1114 2368 corrigendi,
1140 2283 1177 2346 ut

109 2389 229 2452 litteras
263 2387 422 2466 addendo,
460 2388 665 2466 detrahendo,
697 2388 844 2454 mutando
874 2391 986 2459 saltem
1016 2384 1176 2456 verbo‘rum

111 2492 289 2558 Graecorum
321 2495 560 2576 Latinorumque
594 2494 713 2574 iotma,
745 2496 803 2559 etsi
835 2514 933 2578 neque
966 2494 1062 2560 oratio
1080 2495 1176 2559 ‘recte

111 2599 264 2663 cohaerens
286 2619 384 2683 neque
406 2601 576 2679 sententia,
603 2602 741 2666 oriretur.
788 2602 837 2665 Ad
859 2601 1079 2684 perficiendum
1101 2618 1175 2683 quo-

110 2724 173 2788 que
189 2704 283 2783 illud,
316 2706 397 2788 quod
416 2707 553 2788 primum
575 2707 676 2770 animo
707 2707 862 2772 obiectum
884 2700 965 2786 crat,
993 2708 1176 2772 vocabulum

139 2889 159 2954 ¹)
181 2891 327 2945 Βιώσεται·
349 2905 397 2958 pro
417 2891 572 2963 βιώσεσθαι
589 2875 824 2953 scribendumest
849 2893 920 2964 apud
942 2893 1120 2953 Plutarchum
1144 2891 1175 2946 dc

147 3059 150 3063 Ι
180 2998 238 3037 sera
256 2982 375 3037 numinis
388 2985 462 3040 vind.
473 2987 506 3040 22
524 2988 563 3053 (p.
574 2988 608 3041 56
622 2985 664 3055 F),
684 2988 881 3058 προστρίβεται
895 3002 942 3056 pro
956 2990 1175 3060 προστρίβεσθαι

181 3073 302 3145 dePyth.
311 3076 406 3132 orrea
420 3082 460 3147 (p.
470 3081 523 3134 395
533 3078 579 3144 Ε),
595 3082 688 3133 contra
702 3080 909 3153 συμβιώσεσθαι
918 3083 947 3133 et
957 3080 1176 3148 στρατεύσεσθαι

180 3183 228 3238 pro
238 3164 394 3222 indicativis
407 3160 530 3225 chtoic.
541 3187 653 3242 rcpugn.
665 3174 707 3236 20,
718 3174 735 3228 3
748 3180 786 3243 (p.
795 3172 908 3243 10430).
929 3172 1008 3242 Apud
1014 3172 1175 3227 Pausaniam

181 3262 218 3326 ΙΙ,
232 3262 256 3324 1,
267 3263 284 3321 2
295 3274 343 3329 pro
354 3256 494 3315 ἄνοικίσαι
505 3263 591 3318 altero
603 3266 662 3319 loco
674 3264 843 3319 scribendum
856 3267 898 3319 est
913 3263 1077 3337 ἀνῳκίσθσι.
1106 3264 1176 3321 Nam

110 3368 113 3373 ·
180 3353 339 3409 ductivum
357 3351 513 3408 de'Ooesare
539 3356 686 3412 Pausanias
709 3358 856 3427 posuisset,
888 3375 941 3413 non
964 3348 1114 3413 addidisset
1131 3358 1175 3414 ἐπὶ

168 3442 335 3516 *vilisimis
351 3449 401 3515 τῆς
420 3444 516 3506 αὑτοῦ.
545 3449 733 3514 (Scribcndum
751 3450 859 3518 αὐτοῦ.)
886 3452 955 3506 Aliae
966 3451 1176 3509 terminationes

181 3541 368 3609 permutantur
384 3541 493 3609 propter
516 3541 654 3597 obscuram
680 3546 803 3599 autnon
826 3545 994 3608 intellectam
1012 3549 1117 3612 notam,
1145 3547 1176 3599 nt

180 3650 242 3687 cum
260 3633 423 3687 tacebunt
440 3649 487 3703 pro
505 3635 712 3690 tacebuntur
732 3635 864 3691 scribitur.
901 3639 934 3690 111
952 3639 1113 3706 quibusdam
1131 3653 1174 3692 co-

182 3726 302 3791 dioibns,··
314 3728 346 3780 ut
363 3727 401 3780 ἱεε
412 3726 515 3781 Seneca
528 3726 687 3797 'philosophi
705 3730 825 3800 antiquis
843 3729 956 3800 aliquot,
974 3730 1110 3786 interdum
1128 3745 1174 3784 ro-

180 3819 288 3882 ccheto,
308 3818 454 3875 festinante
470 3819 597 3884 librario,
617 3824 735 3876 extrema
753 3826 830 3891 parte
849 3825 1021 3888 truncantur,
1034 3838 1037 3843 ·
1052 3826 1085 3877 nt
1103 3839 1174 3877 cons.

180 3912 215 3966 ad
232 3910 313 3966 Marc.
333 3916 364 3969 11
391 3916 456 3970 extr.
472 3913 549 3968 -inA
574 3910 708 3980 (Fickerti
726 3915 798 3970 nctIs
817 3918 892 3981 ntor)
912 3918 954 3970 est
969 3915 1175 3985 parcissimo

178 4005 351 4060 circuitus
365 4020 493 4070 annor,
511 4002 540 4059 id
557 4008 612 4075 cst,
631 3994 773 4072 nteditnr,
792 4008 1082 4077 paucissimorum
1099 4009 1174 4063 circ.

179 4113 348 4155 annorum.
386 4099 459 4154 Hinc
476 4088 618 4170 aliquoties
636 4101 763 4155 correctio
781 4104 897 4171 petetur.
