2580 4530
215 284 256 349 78
640 286 701 343 Lib.
720 288 742 343 l.

166 483 365 579 seriptoribus
400 476 537 565 exempla
569 482 675 547 differo
702 483 876 567 paulisper,
911 485 947 549 ut
966 484 999 549 id
1020 503 1126 569 genus,
1148 484 1232 568 quod

167 584 321 674 §apuam
342 589 437 654 habet
457 588 598 666 formam,
621 589 788 670 separatim
808 572 970 672 attingam.
1022 574 1026 587 ’
1136 593 1150 606 ‘

253 695 297 759 Ex
320 695 383 773 his,
405 713 489 778 quas·
504 695 726 771 demonstrari,
746 693 912 778 originibus
933 698 1007 760 nata
1033 695 1232 779 interpolatio

168 800 429 885 quemadmodum
450 800 560 865 deinde
592 784 684 865 latius
718 800 864 882 serpserit
885 801 918 864 et
935 804 1088 884 postremo
1109 799 1140 865 in
1162 802 1232 884 qui-

168 907 298 973 busdam
331 896 484 973 oodioibus
512 907 552 971 ad
581 924 736 972 summam
757 905 915 997 licentiam
937 908 969 971 et
989 906 1103 971 foedam
1125 907 1230 972 labem

168 1031 329 1098 progressa
356 1012 412 1090 sit,
449 1012 618 1096 generatim
650 1008 914 1094 particulatimve
931 1013 1075 1097 persequi
1107 1013 1230 1091 omitto,

168 1122 240 1204 quia
273 1128 321 1195 et,
337 1115 498 1202 multiplex
526 1114 657 1183 materia
683 1104 732 1182 est
758 1136 814 1182 neo
835 1118 996 1202 generibus
1018 1118 1110 1184 sertis
1132 1119 1233 1184 diuisa

170 1230 202 1291 et
230 1227 331 1309 potius
359 1223 506 1288 incertis
535 1222 689 1288 codicibus
721 1225 867 1306 perpetuo
889 1224 1109 1290 o'onsideranda
1136 1244 1233 1310 eaque

169 1333 338 1415 disputatio
367 1331 487 1413 seiungi
515 1349 533 1394 a
561 1329 699 1393 oodioum
720 1328 897 1397 ‚secundum
924 1322 1030 1396 aetates
1058 1333 1232 1415 stirpesque

170 1438 383 1503 distributione
406 1437 438 1501 et
459 1434 663 1500 aestimatione
677 1426 800 1517 nequit.
842 1435 976 1500 Tantum
1001 1436 1138 1501 dieamus
1160 1437 1232 1501 bre·

169 1543 257 1620 viter,
293 1543 382 1608 initia
414 1542 552 1626 quaedam
581 1542 612 1606 et
639 1542 772 1607 stamina
805 1528 1062 1623 interpolationis,
1099 1543 1233 1607 manime

169 1650 259 1714 huius
293 1645 383 1714 'tertii
418 1643 450 1713 et
490 1647 639 1731 postremi
674 1647 806 1730 generis,
840 1647 921 1730 quod
955 1649 1087 1731 positum
1120 1650 1169 1712 est
1200 1649 1232 1712 in

169 1774 272 1837 prava*
289 1756 490 1840 aegrorum,
519 1753 584 1820 sed·
600 1754 639 1818 ob
670 1753 822 1818 inscitiam
856 1754 910 1817 aut
940 1753 1231 1819 inconsiderantiam

170 1880 232 1928 non
271 1862 499 1927 intellectorum
531 1860 719 1937 mutatione,
758 1858 971 1941 antiquissima
1005 1880 1072 1926 esse
1107 1860 1233 1942 eiusque

170 1969 298 2034 eonatus
326 1969 401 2032 satis
428 1967 607 2032 temerarios
630 1966 831 2048 deprehendi,
860 1965 927 2031 sed·
940 1984 1022 2031 raros
1046 1967 1077 2030 et
1110 1965 1233 2048 magnis

170 2074 352 2150 intervallis,
374 2093 435 2138 non
458 2075 558 2138 solum
580 2075 611 2137 in
633 2073 853 2155 antiquissimis
875 2066 1085 2155 etdillgente'r
1099 2071 1233 2153 alioquin
1264 2115 1269 2122 -

172 2179 377 2263 religioseque
405 2180 528 2262 seriptis
556 2178 710 2243 eodioibus
733 2179 901 2244 eommunis
921 2178 1059 2262 generis,
1095 2176 1233 2241 velutin

172 2284 309 2348 Platonis
346 2283 509 2363 Oxoniensi
541 2283 647 2362 (seculi
679 2282 750 2346 noni
772 2284 923 2366 exeuntis)
956 2286 987 2348 et
1023 2282 1164 2348 Parisino
1200 2282 1230 2345 A

170 2389 277 2471 (quem
291 2388 448 2459 Bekkorus
469 2389 523 2453 illo
545 2389 747 2472 antiquiorem
758 2387 869 2469 putat),
892 2388 925 2451 in
941 2387 1151 2470 Aristophanis
1167 2387 1232 2451 Ra-

170 2493 314 2571 tenuati,
335 2495 367 2558 in
388 2493 507 2559 Latinis
539 2494 692 2559 Ciceronis
721 2495 752 2557 et
781 2480 869 2571 Livii
882 2490 1071 2576 aliorumque
1093 2492 1231 2558 eiusdem

171 2599 291 2677 aetatis,
319 2619 378 2663 non
401 2600 451 2663 hio
473 2602 560 2674 nata,
595 2598 648 2666 sed
669 2599 811 2664 traducta
832 2619 868 2663 ex
889 2582 1035 2681 exemplis
1056 2594 1232 2682 propositis,

179 2704 233 2767 sed
256 2704 349 2768 etiam
370 2705 401 2768 in
423 2705 644 2787 palimpsestis,
664 2705 751 2770 velut
770 2706 802 2768 in
825 2705 1019 2770 Ciceroniano
1040 2705 1078 2789 de
1104 2726 1129 2769 r.
1151 2725 1182 2786 p.
1206 2705 1232 2784 I,

173 2809 230 2885 51,
264 2809 318 2901 ubi
349 2810 487 2875 additum
520 2802 587 2877 esse
615 2831 655 2877 eo
684 2808 836 2876 nomine
863 2810 980 2877 ostendi
1008 2812 1038 2875 et
1065 2810 1233 2892 editoribus

175 2915 393 2980 Turioensibus
427 2918 580 3009 persuasi,
628 2920 649 2997 ¹t
684 2919 725 2996 ΙΙ,
763 2919 818 2995 361
852 2918 907 2982 ubi
937 2917 1000 2985 iam
1028 2916 1149 2982 Mosero
1184 2936 1233 2981 su-

177 3021 316 3104 spectum
352 3021 410 3085 fuit
441 3022 649 3107 postquam
679 3043 732 3107 pro
760 3026 847 3108 post
868 3024 1026 3105 seriptum.
1073 3020 1234 3087 Nonnullis

176 3127 251 3191 loeis
263 3128 533 3210 grammaticorum
545 3124 899 3213 scholiastarumqueaut
910 3129 1234 3210 aliorum'soriptorum

174 3233 351 3319 testimonio
383 3235 508 3317 antiqua
541 3234 717 3300 huiusmodi
745 3236 939 3318 interpolatio
968 3235 1088 3299 oodioes
1116 3216 1235 3300 nostros

176 3356 282 3403 omnes
304 3338 444 3404 obsidens
469 3341 666 3418 convincitur,
688 3343 783 3418 velut,
806 3361 844 3405 ue
859 3343 964 3423 poetas
987 3341 1124 3404 scenicos
1141 3341 1236 3404 attin·

176 3462 259 3526 gam,
290 3444 322 3508 iu
349 3443 486 3511 Platonis
515 3447 708 3530 Euthydemo
730 3467 760 3529 p.
783 3446 894 3510 2931)
917 3438 1031 3510 adoro
1056 3449 1161 3531 λέγεις
1181 3465 1236 3527 pro

179 3564 346 3634 παταγεῖς
359 3551 368 3587 ¹
374 3562 396 3628 1,
416 3552 448 3615 in
463 3551 614 3617 Ciceronis
625 3538 822 3617 verrinarum
837 3552 914 3617 libro
925 3553 951 3628 Ι,
976 3552 1016 3614 39
1039 3572 1109 3618 non
1131 3552 1237 3618 modo

177 3674 253 3720 non
285 3676 340 3739 pro
375 3677 448 3723 non
480 3658 602 3731 modo,
641 3659 673 3721 11
702 3659 759 3717 141
789 3676 920 3722 verum
943 3660 996 3724 aut
1016 3659 1162 3723 tectum
1183 3676 1238 3740 pro

198 3826 222 3892 ¹)
251 3828 321 3880 Miro
338 3827 438 3881 iudicio
458 3827 625 3880 Hermannus
644 3825 782 3893 scripturae
807 3824 878 3893 apud
908 3824 1094 3898 grammaticos
1119 3826 1237 3888 servata,

249 3935 327 3995 quam
352 3918 386 3972 ad
410 3919 481 3972 huno
505 3919 592 3973 locum
617 3918 748 3987 pertinere
765 3918 910 3970 certissime
921 3913 1239 3985 1111111111(πάνι’ἄγεις)

237 4012 425 4085 demonstrat,
445 4013 565 4082 praetulit
585 4008 800 4080 „planissimam
821 3996 1126 4078 1111111111111111111,
1148 4009 1176 4062 id
1188 4013 1238 4076 est,

250 4102 420 4156 manifestam
440 4104 682 4174 interpolationem.
