2580 4530
215 484 278 558 οὐκ
300 491 395 567 οἶδεν
417 489 471 558 οἷα
493 492 627 580 γλῶσσα
648 496 794 580 μισητῆς
816 491 919 569 ιιυνός

216 599 337 674 λείξασα
360 592 563 666 ιισῖιιτείνασα
586 595 803 684 φαιδρόνους,
826 600 933 687 δίκην,
986 626 988 631 ·

216 699 301 788 ἄτης
323 706 506 792 λαθραίου,
529 700 681 782 τεύξεται
704 707 789 797 οιαιιῆ
811 706 905 795 τύχη.

181 810 323 876 Primum
358 812 554 879 scribendum
585 815 704 879 mutato
726 816 855 881 aooentu
877 820 947 881 οἵα
976 812 1144 897 (qualis),

80 918 162 991 tum,
197 918 327 1000 aooepta
347 917 511 1003 Tyrwbitti
536 919 702 985 manifesta
728 921 940 987 emendatione
973 920 1142 994 λείξασα

82 1024 165 1103 (nam
189 1022 355 1089 lambendo
376 1025 531 1090 blanditur
553 1025 667 1103 oanis),
695 1044 731 1091 ex
751 1046 824 1093 roeo
848 1027 989 1092 inaudita
1009 1026 1040 1091 et
1061 1043 1144 1089 oom-

82 1127 243 1210 positionis
264 1149 366 1214 pravae
388 1126 545 1214 (φαιδρός
566 1130 671 1213 νοῦς)Ι
683 1133 724 1212 et,
744 1133 772 1198 si
793 1132 866 1217 quid
888 1131 1050 1217 signifieat.
1072 1131 1142 1195 bino

82 1234 466 1313 alienissimafaoiendum,
488 1240 523 1303 ut
538 1239 713 1305 ἐντείνασα
725 1237 878 1304 obiectum
891 1238 1013 1315 habeat,
1038 1236 1143 1303 divisis

82 1340 194 1406 litteris
218 1336 404 1426 φαιιλρόν
426 1332 476 1406 od
482 1367 509 1415 ς.
553 1326 770 1428 Signifioantur
790 1363 878 1409 aures
893 1345 1004 1411 blande
1017 1343 1139 1409 iactata

82 1451 113 1513 ot
132 1450 240 1512 motae.
274 1446 336 1514 Sed
357 1449 455 1514 restat
465 1444 628 1528 τεύξεται,
651 1451 833 1534 quodplane
847 1449 924 1514 nibil
938 1453 1005 1527 est3
1028 1452 1142 1535 (neque

82 1553 165 1618 enim
186 1554 251 1620 lore
272 1554 373 1630 orado,
396 1554 448 1639 qui
473 1553 528 1621 οἷα
547 1558 666 1623 retento
687 1551 838 1632 τεύξεται
859 1575 913 1641 pro
932 1551 1038 1632 τεύξει
1061 1557 1142 1620 eooi-

82 1661 155 1742 piat
187 1661 294 1742 spreta
315 1661 491 1727 certissima
512 1662 660 1728 sermonis
687 1663 778 1747 lege).
832 1647 957 1727 Perstat
976 1661 1143 1746 AEsohylus

82 1768 113 1830 in
136 1765 291 1850 imagiue;
328 1766 451 1849 scripsit
473 1767 556 1833 onim
579 1760 763 1851 δῆξεταιε
806 1768 891 1859 oanis
917 1766 1035 1848 perfida
1063 1766 1144 1831 inter

82 1870 250 1936 blanditias
271 1872 432 1938 mordebit.
458 1874 512 1940 ebe
528 1875 702 1939 ἐκτείνασα
723 1877 755 1940 et
769 1872 903 1957 δήξεται
925 1871 969 1937 sio
990 1871 1143 1946 deantur,

82 1980 116 2041 nt
143 1979 281 2064 γλῶσσα
307 1979 456 2063 μισητῆς
487 1975 589 2054 κυνός
615 1981 813 2065 intellegatur
845 1981 913 2062 ipsa
938 1978 1046 2057 oanis.)
1092 1975 1144 2042 sic

82 2084 178 2169 igitur
201 2085 288 2150 totus
308 2083 392 2149 loeus
416 2085 606 2152 scribendus:

219 2183 282 2256 οῶιι
304 2190 410 2263 οἶδεν,
431 2198 486 2257 οἵα
509 2192 640 2280 γλῶσσα
663 2193 812 2276 μισητῆς
834 2188 935 2266 ιιυνός

221 2298 355 2373 λείξασα
379 2291 580 2366 ιιοῖιιτείνασα
604 2294 748 2384 ηαιιλρόν
772 2289 832 2372 οὖς
855 2298 951 2382 δίκην

213 2400 324 2489 ’Ἄτης
347 2406 517 2490 λαθραίου
540 2399 672 2489 ιλῆξεται
696 2407 782 2494 ιισιιιῆ
805 2400 898 2494 τύχη.

186 2510 325 2594 Apparet
342 2509 455 2597 ’Ἄτην
476 2531 640 2594 personam
657 2510 805 2597 intellegi.

185 2615 251 2680 lbd.
277 2618 356 2681 1252
385 2620 548 2702 postquam
570 2617 742 2682 Cassandra
762 2618 1024 2702 Agamemnonem
1047 2616 1143 2680 inter·

82 2722 201 2786 iectum
222 2723 261 2786 iri
282 2723 359 2789 dixit
380 2725 550 2807 chorusque
571 2723 783 2806 interrogavit,
805 2723 873 2806 quis
895 2724 942 2790 vir
954 2725 1021 2789 boo
1043 2721 1143 2786 soalus

82 2829 182 2908 paret,
215 2827 386 2894 Cassandra
407 2829 546 2894 subiicit:
585 2819 641 2895 Ἦ
661 2823 752 2914 κάρτ’
773 2825 826 2914 ἄρ’
851 2827 895 2896 ἄν
917 2820 1145 2915 παρεστάτεις

83 2936 149 2999 laert
179 2930 410 3019 mopsuestiam)
433 2937 592 3022 χρησμῶν
615 2937 719 3018 ἐμῶν,
742 2937 902 3002 intellecta
922 2936 1069 3002 vaticinia
1090 2953 1145 2999 sua

83 3041 208 3124 (quibus
231 3060 323 3123 supra
351 3041 628 3126 aClytaemnestra
661 3042 693 3106 id
725 3042 823 3107 scelus
859 3045 1070 3125 perpetratum
1105 3038 1145 3103 iri

82 3147 324 3231 significaverat)
347 3167 478 3232 negans;
500 3149 545 3213 ita
566 3167 634 3213 esse
654 3149 790 3214 ostendit
804 3150 907 3223 etiam,
930 3148 1011 3231 quod
1033 3147 1143 3210 ohorus

82 3253 265 3336 respondet:
288 3257 349 3322 τοῶ
373 3253 436 3340 γάρ
459 3254 642 3326 τελοῦντος
666 3247 707 3319 oei
727 3257 852 3340 ξυνῆκα
876 3244 1046 3339 μηχανήν.
1084 3248 1145 3315 Sed

83 3361 177 3425 rerba
199 3362 341 3443 corrupta
362 3363 441 3435 sunt,
463 3361 508 3425 ita
528 3362 644 3439 tamem
665 3363 701 3426 ut
714 3361 861 3427 orationis
874 3359 973 3425 forma
985 3355 1144 3441 perspicue

84 3469 245 3549 appareat;
272 3485 344 3533 uam
366 3469 397 3533 iu
425 3461 478 3552 ἄρ’
501 3463 545 3533 ἄν
572 3467 679 3533 subest
703 3464 887 3533 substantivi
907 3460 1096 3531 samatus
1126 3478 1147 3527 a

85 3571 315 3657 παρεστάτεις
341 3574 483 3656 pendens·
512 3575 543 3638 et
573 3592 609 3638 ex
637 3590 695 3656 quo
723 3574 789 3656 ipso
814 3568 947 3655 pendeat
973 3566 1145 3654 genetivus.

83 3682 152 3746 Non
175 3683 262 3747 reete
285 3680 451 3764 adspexisti
473 3679 597 3758 (vellem
618 3681 725 3746 liceret
746 3697 817 3743 oum
839 3674 1022 3761 quibusdam
1041 3672 1144 3759 pbilo-

84 3788 161 3872 logis
183 3788 304 3852 dicere:
336 3786 642 3869 praeteruidisti)
671 3774 886 3852 uaticiniorum
913 3798 1081 3847 meorum.
1104 3827 1112 3844 .
1135 3827 1142 3844 .

85 3896 168 3968 (rim,
190 3897 357 3969 tenorem).
402 3893 471 3958 Non
498 3894 604 3973 video,
634 3912 687 3959 our
713 3891 810 3955 ullam
830 3888 966 3952 litteram
986 3886 1142 3951 mutemus

85 4021 137 4067 neo
146 4005 326 4067 teneamus:
350 3990 371 4082 ῆ
393 3993 484 4084 κάρτ’
499 3993 603 4084 α’ροίν
617 3989 844 4083 παρεσκόπεις
865 3994 1022 4080 χρησμῶν
1044 3990 1145 4074 ἐμῶν,
