2580 4530
220 253 281 318 372
368 301 369 305 ,
644 251 705 306 Lib.
725 252 777 305 111.

217 496 219 501 -
276 439 347 514 1de
368 449 451 532 par
469 448 515 512 A:
542 449 596 514 καί
619 443 681 516 οὐκ
704 444 748 515 σίν
769 443 872 533 (φαχη
895 441 1019 531 σίνδρός
1042 435 1235 547 φιλοσόφου)

180 556 318 639 οἰηθείη
340 550 404 638 την
425 557 490 639 μὲν
513 555 715 641 φιλοσοφίαν
737 556 857 641 χρῆναι
886 549 1014 638 ἑαυτήν
1041 548 1154 630 λύειν,
1184 560 1237 622 λα-

180 654 285 746 οείοης
308 663 343 727 δὲ
373 661 503 745 ἐκείνης
530 655 642 747 αότην
669 653 896 744 παραδιδόναι
925 674 1002 737 ταῖς
1023 657 1166 747 ἡδοναῖς
1188 665 1237 728 καί

180 767 305 842 λύπαις
319 763 445 853 raveto
460 762 568 834 πόλιν
583 759 628 833 αὖ
645 769 853 854 ἐχααταδεῑν.
887 768 1027 834 Debebat
1049 787 1118 834 esse
1134 763 1238 852 αότηίν

179 869 287 942 πόλιν
309 865 358 942 αὖ
387 860 631 958 παραδιδόναι,
662 895 718 940 neo
752 875 965 961 ἐχιιαταδεῑν,
998 874 1054 939 sed
1085 860 1238 942 καταδεῖν

184 983 346 1048 dicendum
377 983 444 1047 erat
470 981 508 1046 de
537 983 745 1070 voluptatibus
760 968 807 1047 'et
836 981 988 1047 doloribus
1011 980 1152 1046 animum
1173 1001 1239 1046 oon-

182 1088 411 1173 stringentibus
467 1086 595 1152 Sublato
623 1079 848 1169 παραδιδόναι
888 1086 1099 1151 scribendum:
1134 1081 1239 1170 αὐτην

181 1209 256 1268 ταῖς
278 1190 419 1278 ἡδοναῖς
443 1193 497 1257 καί
529 1185 653 1265 ίόπαις
683 1188 824 1276 ἑαατην
839 1185 945 1257 πόλιν
966 1183 1013 1286 proi
1034 1195 1240 1279 &puerariam

102 1302 105 1309 “
178 1303 214 1366 ut
244 1301 364 1365 animus
386 1301 451 1382 ipse
480 1317 514 1364 se
540 1298 578 1363 iis
606 1294 814 1382 constringere
846 1298 975 1364 tdioaur.
1019 1299 1104 1380 (vid.
1128 1321 1159 1384 p
1180 1303 1239 1378 83.)

175 1409 288 1490 orep.
311 1404 483 1469 seovio
505 1425 535 1487 p
561 1405 686 1481 17411.)

247 1549 253 1556 ·
281 1512 348 1577 lod.
371 1510 455 1594 pao
476 1511 520 1574 B:
544 1502 617 1575 αλλ’
640 1510 798 1598 εἰιειΗνη
779 1537 817 1599 η,
841 1502 981 1578 ἐπειδσίν
1003 1537 1055 1585 τις
1077 1506 1240 1600 πιστεύσῃ

179 1613 265 1705 λόγῳ
288 1618 355 1682 τινὶ
382 1642 408 1682 ιι.
425 1642 454 1682 ε.
469 1618 496 1682 λ.
546 1617 616 1682 Non
639 1618 785 1700 sequitur,
807 1618 889 1700 quod
912 1618 1034 1700 expleat
1056 1619 1240 1686 sententiam

179 1725 343 1799 relativam
360 1718 543 1807 'pronomine
566 1710 588 1812 ᾖ
610 1722 823 1807 significatam.
884 1721 995 1788 Ortum
1024 1723 1056 1788 id
1079 1725 1129 1790 ost
1150 1744 1241 1808 prava

180 1830 386 1923 geminatione
408 1829 679 1910 seribendumque:
710 1828 835 1916 ἐκείνη,
859 1821 1001 1897 ἐπειδάν
1022 1855 1074 1902 τις
1097 1832 1169 1909 (sod
1189 1831 1242 1896 illa

177 1937 311 2014 ratione
339 1955 409 2000 oum
434 1935 558 2019 quise:
589 1955 655 2018 quae
683 1937 750 1999 tum
773 1935 920 2012 officitur,
947 1954 1017 2000 oum
1042 1938 1134 2019 quis).
1183 1937 1241 2010 (De

177 2063 208 2125 p
232 2038 271 2105 93
293 2043 323 2106 Ι)
344 2042 405 2108 vid.
428 2061 571 2125 suprap.
596 2041 657 2117 83)

277 2148 344 2212 Ibd
357 2167 388 2230 p
401 2147 574 2210 101D2ar
596 2146 631 2210 δέ
646 2171 697 2218 τις
713 2140 820 2231 αὐτῆς
832 2150 893 2232 της
908 2143 1141 2221 ιίποθὲσεας’
1122 2170 1241 2234 εχοιτο,

63 2248 66 2253 ’
179 2253 308 2349 χαίρειν
338 2246 422 2335 ε’·φής
451 2246 592 2343 σίνιναί
616 2245 677 2318 ονίι
713 2246 928 2337 αποκρίναιο.
980 2253 1089 2337 Neque
1121 2275 1178 2338 per
1209 2274 1240 2320 se

180 2367 319 2445 ἔχεσθαι
350 2358 388 2422 de
415 2358 618 2442 oppugnando
648 2359 911 2443 aggrediendoqne
938 2359 999 2425 diei
1019 2359 1122 2443 potest
1143 2379 1240 2443 noque

179 2467 249 2546 post
272 2457 431 2549 ἐχόμενος
452 2464 588 2544 proxime
612 2465 682 2528 anto
713 2484 783 2529 oum
814 2463 922 2528 eodem
949 2464 1089 2548 genetivo
1117 2485 1240 2548 prorsus

180 2570 331 2635 contrario
344 2570 519 2654 significatu
534 2569 678 2653 positum.
712 2569 927 2636 Scribendum:
944 2576 1087 2654 ἔφοισσ
1101 2574 1239 2655 (ἐφεῖτο,

176 2677 309 2759 peteret).
364 2676 459 2740 Paulo
480 2677 550 2759 post
578 2675 758 2751 videndum,
791 2695 829 2740 ne
853 2676 945 2740 scribi
974 2675 1086 2741 debeat
1114 2673 1189 2762 ἅμα
1213 2671 1240 2744 δ’

180 2775 242 2845 οὐκ
265 2778 309 2845 δν
332 2774 479 2864 φόροις
499 2801 554 2862 pro
577 2775 697 2866 φόροιο
723 2783 761 2846 de
784 2782 887 2847 omnia
906 2781 1065 2847 miscente.

279 2887 344 2951 Ibd.
361 2907 391 2969 p.
409 2888 468 2950 102
481 2887 523 2951 G:
547 2893 584 2952 ἐν
606 2890 696 2974 με’σφ
718 2882 765 2953 σίν
787 2883 1001 2972 α’μφοτὲραν,
1023 2892 1087 2956 τοὺ
1108 2895 1176 2974 μὲν
1196 2893 1239 2977 τη]

178 2999 320 3079 μεγέθει
344 2988 519 3078 ὑπερέχειν
541 2987 605 3077 την
628 2986 838 3078 σμικρότητα
861 2989 1051 3081 ὑπερέχων,
1075 3000 1121 3084 τῷ
1144 2999 1179 3064 δὲ
1202 2994 1239 3065 τό

177 3105 328 3186 μίχεδσς
352 3101 413 3183 τῆς
443 3091 667 3193 σμικρότητος
705 3104 859 3188 παρέχων
892 3096 1067 3188 ὑπερέχον.
1122 3106 1240 3187 Aperte

177 3227 306 3289 pravum
329 3209 377 3270 est
398 3200 579 3291 ὑπερέχων,
601 3225 657 3270 σεο
679 3209 784 3272 tamen
808 3209 877 3273 tolli
898 3208 931 3273 id
959 3210 1118 3292 aequalitas
1140 3231 1240 3276 mem-

179 3314 304 3378 brorum
336 3312 473 3377 studiose
505 3314 537 3376 et
572 3313 643 3376 lusu
678 3313 808 3396 quaesita
840 3315 923 3379 sinit.
987 3315 1119 3398 Scripsit
1151 3315 1240 3381 Plato

179 3414 232 3483 ὑπ
241 3424 255 3484 ε’
261 3441 310 3503 χω
320 3441 354 3482 νε
371 3418 497 3484 alterius
509 3419 713 3503 magnitudini
725 3421 921 3504 exiguitatem
934 3423 1240 3504 suam-superandam

180 3524 426 3600 subministrans,
449 3524 544 3588 alteri
554 3525 800 3610 magnitudinem
821 3516 1020 3609 exiguitatem
1043 3531 1240 3610 superantem
1268 3508 1270 3515 ί

178 3634 325 3713 praebens
395 3631 476 3712 Apte
513 3630 550 3694 de
588 3632 716 3697 minoris
761 3630 800 3695 ad
839 3630 939 3696 maius
971 3633 1089 3697 ratione
1128 3629 1239 3719 ὑπέχω

178 3737 311 3819 ponitur

278 3843 438 3925 I..lbdp
424 3842 483 3902 104
505 3843 529 3904 Ε
553 3843 726 3919 admodum
745 3860 865 3920 vereor
900 3863 938 3907 no
959 3846 1030 3927 post
1053 3839 1239 3928 ὁρίσασθαι

178 3948 323 4012 exciderit
309 3950 396 4014 trial
418 3942 449 4024 (ὃ
470 3948 587 4013 τοίνυν
609 3951 737 4033 offam
760 3941 943 4031 όρίσασδαι
967 3951 1044 4030 δεῖ),
1073 3971 1134 4018 non
1158 3954 1240 4032 δεῖν

178 4051 289 4134 quod
281 4073 312 4116 rn
335 4054 488 4119 oodioibus
512 4055 626 4137 aliquot
612 4053 733 4118 taddit
719 4057 779 4118 tur.
827 4052 907 4119 Nam
929 4075 1029 4140 neque
1052 4059 1145 4143 λέγω·
1159 4061 1242 4144 apud
