2580 4530
221 209 281 272 176
303 296 305 300 ι
655 167 715 265 nio.
734 210 759 265 1.

175 405 208 470 in
231 406 289 471 hac
312 424 405 471 causa
426 405 557 471 citatum
577 408 651 472 olim
673 427 691 472 a
713 408 747 471 L.
769 405 927 472 Dindorfio
949 405 1047 480 video,
1075 404 1239 470 Plutarchi
1278 406 1281 410 ’

175 511 208 577 in
235 511 389 586 Alcibiadi.
426 531 451 576 o.
476 512 514 574 31
548 512 652 578 locus:
694 507 765 585 ,Ὡς
802 502 865 577 οὖν
898 509 1139 577 ἐπανελθόντα
1176 506 1239 577 τόν

175 611 435 704 Ἀλκιβιόόηνό
452 611 675 703 Φαρνάβαζος
688 612 784 704 ἠξίου
805 619 860 685 καὶ
884 611 990 683 αόσόν
1011 614 1136 702 ὀμόσαι
1159 620 1238 703 περὶ

175 723 244 789 τών
266 717 550 809 σῖμσλογημὲνων,
574 719 635 791 osia
658 732 721 809 ἔφη
744 719 912 809 πρότερον
932 719 954 809 ἢ
974 729 1104 790 ἐκεῖνον
1121 717 1240 796 αὐτοῖς

176 822 317 918 ὀμόσαι,
342 831 381 896 'in
411 850 469 914 quo
498 832 629 906 alterum
658 822 781 916 ὀμόσαι
819 830 989 895 tollendum
1018 832 1107 914 puto,
1142 833 1178 895 ut
1200 830 1240 896 ad

177 930 239 1004 σόκ
263 944 326 1021 ἔφη
347 928 516 1021 πρότερον
538 932 561 1022 ἢ
590 944 719 1003 ἐκεῖνον
743 929 858 1008 αὐτοῖς
880 956 916 1003 ex
937 936 1092 1018 superiore
1113 929 1238 1022 ὀμόσαι

176 1043 319 1109 audiatur
339 1045 468 1117 verbum
490 1045 549 1109 aiio
571 1046 708 1127 tempore
732 1035 933 1126 (ὀμεῖσθαι).
1212 1112 1215 1120 ,

276 1149 374 1215 Venio
398 1150 438 1214 ad
467 1170 535 1229 eas,
565 1171 640 1235 quas
659 1150 778 1232 saepius
808 1148 996 1234 significavi,
1026 1149 1184 1214 cautiones
1210 1153 1241 1215 et

176 1253 382 1340 exceptionem
405 1275 478 1341 nam
499 1274 598 1337 pauca
620 1255 760 1339 quadam
782 1257 814 1319 et
835 1257 920 1320 certa
940 1254 1240 1323 verbalocutiones-

176 1380 233 1444 quo
255 1362 408 1426 communi
428 1361 475 1426 iili
497 1362 712 1445 significationi
733 1360 840 1426 vicinae
861 1362 965 1426 tamen
990 1361 1113 1442 propter
1135 1362 1239 1446 singu-

175 1466 272 1531 larem
296 1468 449 1549 quandam
472 1469 602 1544 notionis
631 1472 673 1534 et
689 1487 763 1544 usus
790 1467 1008 1551 proprietatem
1035 1469 1090 1531 aut
1116 1469 1239 1532 omnino

37 1564 39 1569 ’
113 1647 115 1650 ⁴
175 1573 283 1657 regula
311 1573 419 1638 eadem
448 1593 509 1639 non
541 1576 740 1640 continentur
768 1577 822 1640 aut
850 1573 985 1657 ahquam
1015 1571 1238 1659 dubitationem

175 1680 300 1744 habent.
337 1679 384 1743 Ac
405 1680 540 1762 primum
561 1700 684 1763 prorsus
707 1680 918 1766 separandum
935 1680 983 1744 est
996 1678 1081 1764 χρῆν
1099 1681 1238 1754 verbum,

176 1785 256 1868 quod
277 1785 315 1849 de
339 1784 464 1876 deorum
487 1772 736 1872 oraculorumque
763 1785 1013 1870 praedictionibus
1037 1784 1237 1867 imponitur,

175 1892 250 1956 uta
275 1892 401 1957 iubendi
428 1894 459 1957 et
477 1882 681 1977 ‘praecipiendi
707 1894 830 1981 notione
858 1893 889 1957 et
920 1889 1141 1973 significatione
1169 1911 1240 1975 pro-

174 1998 290 2063 fectum
313 2017 440 2083 eamque
461 2001 595 2065 retinens
619 2001 766 2065 soristum
789 1983 954 2072 adsciscst;
980 1999 1028 2062 est
1051 1997 1132 2069 enim
1157 1997 1239 2082 fato

176 2105 428 2179 constituere,
456 2107 497 2169 ut
523 2104 783 2189 aliqui'd‘fiat.
839 2105 877 2169 Id
904 2105 949 2168 ite
977 2121 1059 2176 esse,
1087 2122 1149 2167 non
1178 2123 1237 2169 uno

123 2267 130 2277 ,
177 2228 233 2273 nec
260 2210 352 2274 dubio
383 2211 538 2303 exemplo,
569 2211 624 2275 sed
652 2211 832 2289 certissimis
856 2209 1064 2285 monstratur,
1103 2208 1238 2290 primum

176 2313 345 2378 Herodoti
337 2334 369 2378 ln
384 2314 463 2380 libro
482 2308 527 2379 V
512 2316 552 2388 Ι
577 2315 653 2378 220:
677 2317 849 2400 ἐκέχρηστο
872 2310 936 2401 ycip
959 2328 1045 2379 τοῖσι
1063 2308 1238 2396 Σπαρτιή-

176 2444 290 2505 σησι.
385 2414 731 2508 ἧΛαιιεόαιμσνα
709 2419 902 2486 αναστατον
930 2425 1161 2507 γενέσθαι..
1184 2414 1238 2504 ,ἢ

176 2519 237 2588 τόν
263 2458 405 2609 flaccida
432 2532 540 2613 σφέων
562 2520 755 2594 assidedat
791 2528 868 2606 (ubi
882 2527 1016 2610 pessime
1039 2527 1172 2592 Steinius
1202 2547 1237 2592 ex

175 2648 235 2693 uno
256 2633 371 2697 nullius
388 2634 590 2709 ¹auctoritatis
616 2635 695 2700 libro
724 2655 778 2719 pro
807 2637 987 2719 γενέσθαι,
1018 2603 1097 2716 quiod
1118 2634 1237 2699 hbrarii

176 2754 235 2800 non
256 2739 321 2802 tam
343 2739 434 2804 facile
457 2742 620 2806 attrectare
641 2743 799 2825 poterant,
824 2749 963 2807 ἔσεσθαι
986 2740 1103 2824 posuit,
1127 2739 1236 2805 deinde

176 2859 212 2905 ex
221 2844 312 2924 paulo
324 2846 462 2926 pluribus
475 2841 710 2928 dimetiendos),
730 2846 915 2931 Thucydidis
928 2847 986 2924 ΠΙ,
1009 2847 1063 2910 96;
1087 2850 1237 2933 χρησθὲν

164 2940 264 3043 αὐτῷ
288 2956 324 3013 ἐν
348 2954 469 3038 Νεμέᾳ
498 2954 599 3019 cocco
623 2961 772 3029 παθεῖν,
807 2952 1025 3035 Aristophanis
1047 2972 1131 3034 vesp.
1157 2952 1235 3013 160:

174 3048 193 3119 ὀ
221 3050 346 3139 &stirp
333 3055 544 3145 μοῦχρησεν,
585 3056 668 3125 ὅταν
696 3085 747 3133 τις
780 3055 908 3146 ἐκφόγη
941 3086 989 3143 μ,
1019 3051 1232 3142 ὀποσκλῆναι

174 3159 292 3241 coreb
337 3165 520 3277 Quodque
511 3187 544 3230 m
571 3169 664 3231 verbo
696 3167 820 3240 accidit,
857 3164 980 3231 idem
970 3185 1003 3262 rn
1031 3160 1234 3230 substantivis

244 3376 426 3448 'Apuodt'ctv‘
413 3376 463 3448 σφ’
487 3378 659 3444 ἑαυτοῖς...
669 3381 783 3446 ,πόλιν
802 3381 932 3450 ἰσχυροὺς
950 3380 1126 3452 γενήσεσθαι
1163 3378 1235 3432 Nam

244 3470 315 3524 idem
332 3471 477 3526 necessario
495 3473 524 3526 in
542 3474 655 3543 uhoque
672 3473 790 3528 membro
808 3474 910 3543 requiri
928 3476 1048 3542 tempus,
1071 3472 1127 3526 ism
1146 3471 1235 3526 Scha-

241 3538 319 3616 ierus
331 3540 415 3629 vidit3
440 3566 586 3634 requiritur
610 3568 701 3620 autem
725 3565 872 3620 certissime
890 3566 1012 3646 futurum
1030 3565 1063 3619 de
1080 3567 1177 3619 eventu
1196 3566 1235 3619 rei

246 3656 399 3710 etiamnunc
430 3657 538 3714 futura.
587 3659 639 3713 Sed
673 3659 823 3713 tollendum
852 3676 960 3727 prorsus
992 3661 1034 3712 est
1062 3659 1149 3727 priore
1177 3657 1234 3711 loco

240 3751 372 3832 periodos
389 3751 461 3806 mele
476 3752 674 3820 interpositum,
693 3753 725 3803 ut
736 3750 903 3820 γενήσεσθαι
915 3754 1031 3806 ext-remo
1046 3752 1104 3806 loco
1114 3751 1234 3820 positum

244 3843 272 3894 et
289 3843 324 3895 ad
341 3841 473 3907 ἀσθενεῖς
497 3847 524 3897 et
542 3842 678 3897 sei-adra
697 3833 827 3912 ἰσχυροὺς
845 3843 988 3912 pertineat.

202 3931 226 3997 ¹)
245 3936 380 3988 Futurum
398 3936 470 4004 apud
492 3938 561 4006 χρῆν
588 3937 695 3990 omnino
718 3953 771 3989 non
788 3935 900 3989 memini
921 3935 1024 4004 legero;
1053 3933 1101 3987 ubi
1128 3933 1233 4003 simpli·

241 4025 309 4079 citer
327 4029 369 4079 est
382 4027 498 4093 iubeo,
517 4032 550 4083 ut
567 4031 661 4093 cetera,
680 4033 708 4082 et
720 4045 840 4098 praseae
851 4027 934 4082 habet
946 4030 975 4081 et
986 4027 1115 4081 aoristnm
1134 4026 1233 4092 (Thus.
