2580 4530
41 315 51 327 ..
168 239 229 305 rao
606 237 670 304 nse„
679 239 708 297 .1.

124 440 240 505 ceteros
269 437 429 522 scriptores
461 437 607 504 infinitivi
634 439 726 504 verbo
755 438 877 519 ἐλπίζω
907 439 1061 505 subiuncdi
1095 441 1188 518 usu¹)

125 545 174 610 vix
185 563 221 609 ex
236 544 311 610 aas
326 543 440 611 litteris
451 543 565 611 Auscis
581 544 689 610 decem
703 543 897 627 proferunair
914 545 1021 618 acrisii
1034 545 1185 628 exempla,

124 649 264 732 quaedam
306 648 370 717 iam
403 649 544 716 codicum
576 649 756 715 aucuriiate
789 651 926 717 correcta
961 650 1186 735 cunigundam,

123 756 266 840 pleraque
290 757 479 824 unalitisra
501 776 520 822 a
541 757 625 822 recia
647 754 743 820 fairni
765 755 867 823 forma
888 756 1045 835 distantia,
1067 756 1186 840 reliqua

122 863 233 944 prater
256 863 439 928 unamalia
470 881 590 947 quoqne
612 863 650 928 de
678 880 770 927 cansa
793 858 908 934 dubia¹
940 862 1099 945 Suspeclae
1119 861 1183 927 illae

123 970 176 1034 aui
207 968 320 1034 sallem
352 968 496 1052 exiguum
531 967 700 1034 testimonii
731 968 849 1051 pondus
882 969 1045 1035 afferentes
1077 969 1184 1035 aormti

121 1076 227 1141 formae
257 1074 400 1158 leguntur
427 1074 508 1157 apud
535 1073 747 1157 Thucydidem
769 1072 827 1151 IV,
850 1073 892 1135 24
921 1067 1184 1160 (χειρώσασθαι),

121 1182 189 1256 VII,
212 1180 250 1242 21
275 1176 604 1276 (κατερνᾴοαοθαι),
619 1178 700 1262 apud
721 1178 953 1260 Xenophontem
974 1179 1082 1264 Cyrop.
1103 1181 1130 1260 Ι,
1154 1184 1182 1260 5,

122 1287 140 1348 9
163 1281 442 1372 (διαπράξασθαι,
465 1287 520 1352 sed
542 1285 637 1352 codex
660 1283 762 1351 Gnell'.
785 1279 1059 1370 crespeiacensi),
1093 1289 1181 1352 anab.

120 1394 173 1468 VI,
197 1393 287 1470 5,17
310 1392 512 1473 (δέξασθαι),
534 1390 615 1485 apud
632 1389 757 1474 Lysiam
775 1391 817 1469 ΙΙ,
841 1392 879 1452 21
903 1384 1180 1473 (δουλωσασθαι),

120 1498 201 1582 apud
221 1498 388 1564 Isocratem
408 1498 484 1563 adv.
507 1498 643 1581 Euthyn.
668 1497 706 1556 15
735 1489 972 1581 (πράξασθαι),
998 1516 1054 1564 neo
1081 1501 1180 1564 mullo

118 1605 237 1671 firmius
269 1602 349 1687 apud
380 1603 593 1688 Thucydidem
625 1602 684 1681 lv,
717 1603 757 1663 80
795 1596 1017 1690 ἀποστρέψαι.
1087 1605 1180 1687 Apud

118 1711 352 1793 Xenophoniom
374 1709 481 1795 Cyrop.
506 1710 547 1788 Π,
569 1710 599 1787 4,
623 1707 662 1771 15
690 1707 756 1784 (ubi
776 1709 911 1792 proxime
931 1710 1077 1792 praecedit
1098 1711 1116 1794 ἕ
1139 1712 1179 1772 14

11 1810 13 1814 ’
118 1817 238 1898 ἐλπίζω
261 1816 361 1902 φίλον
383 1809 491 1883 αὐτόν
511 1809 738 1904 γενήσεσθαί)
776 1814 871 1881 codex
892 1815 1063 1881 Allorfinus
1084 1817 1178 1882 habel

115 1927 197 1991 recte
219 1923 340 2004 ἐλπίζω
363 1922 514 1996 ἐκείνους
536 1925 654 1988 ἐλθεῖν
676 1914 720 1987 ἄν
742 1914 828 2006 πρός
850 1923 896 1986 σε’.
952 1921 1177 2005 Relinquuniur

115 2031 312 2096 firmamenta
333 2049 433 2096 causa
456 2029 592 2112 primum
614 2027 751 2112 Thucyd.
773 2027 828 2105 IV,
853 2027 903 2101 13,
926 2027 958 2091 1:
982 2029 1177 2109 ἐλπίζοντες

116 2135 155 2204 τό
178 2132 262 2204 acroi
286 2131 347 2204 τόν
368 2138 490 2222 λιμένα
512 2147 621 2220 τεῖχος
719 2134 807 2198 ἑλεῖν
826 2146 1005 2220 μηχαναῖς,
1026 2135 1079 2200 nbi
1100 2135 1176 2200 iiam

49 2284 52 2289 ·
116 2241 161 2312 σ’ἱν
181 2246 251 2328 post
271 2244 359 2309 ἑλεῖν
381 2242 507 2318 excidii,
535 2258 721 2324 prorsusque
748 2238 859 2304 similis
884 2239 915 2303 in
938 2239 1177 2326 [Xenophontis]

114 2349 258 2436 Agesilao
278 2350 372 2427 locus,
397 2349 427 2424 7,
450 2347 483 2409 6:
518 2343 665 2431 ἧλπιζσν
687 2345 775 2409 ἑλεῖν
797 2338 838 2409 πί
862 2343 964 2430 τείχη,
987 2346 1095 2412 deinde
1118 2348 1176 2413 duo

113 2453 269 2538 Euripidis
285 2454 373 2541 loci,
410 2453 490 2518 aller
516 2453 609 2517 Herc.
642 2449 701 2514 fur.
740 2450 824 2514 1451
857 2447 965 2516 πάλιν
999 2455 1123 2535 ἔμολεν
1155 2448 1178 2518 εἲ

114 2554 223 2646 πείρας
253 2556 382 2627 οὔποτε
412 2554 467 2625 dcc*
496 2554 622 2644 φρενός
637 2552 814 2644 ”Hierocae
841 2563 973 2622 παθεῖν
995 2558 1058 2644 γῆς
1080 2557 1173 2636 ἄναξ,

113 2667 165 2730 ubi
185 2666 307 2730 lanium
330 2665 435 2751 abaci,
462 2666 498 2730 ui
526 2682 632 2730 versus
661 2662 741 2727 hana
769 2661 952 2744 scripiuram
973 2665 1112 2746 tueatur,
1140 2670 1174 2732 ui

112 2791 218 2838 versus
239 2788 330 2836 causa
346 2771 449 2837 l'irius
465 2772 498 2836 et
514 2767 691 2834 Dindorfius
707 2763 752 2833 σ’ίν
770 2768 841 2849 post
855 2761 978 2854 φρενός
989 2771 1172 2847 addiderint,

112 2899 181 2946 uum
202 2878 398 2961 Hermannus
421 2867 611 2960 ἐπήλπισεν
633 2874 820 2959 scripsissol,
856 2877 892 2940 ut
912 2875 1063 2959 syllabam
1084 2878 1171 2943 illam

113 2984 365 3068 consequemur,
398 2981 477 3046 alter
502 2982 534 3046 in
562 2979 722 3066 Iphigenia
752 2978 787 3047 T.
811 2979 907 3079 l016:
945 2977 1081 3049 ἅπαντα
1106 2979 1170 3071 γσὶρ

112 3091 263 3168 Ξανθελς
282 3081 355 3156 ‘reid‘
377 3091 426 3162 εἰς
448 3083 486 3156 ἓν
508 3079 631 3155 νόστον
653 3086 773 3167 ἐλπίζω
796 3082 925 3172 λαβεῖν,
948 3088 1000 3172 qui
1021 3109 1072 3156 me
1094 3109 1169 3174 quo-

112 3220 169 3287 que
196 3195 316 3266 roxani
346 3193 564 3279 (Bemerlnmg.
593 3213 623 3277 p.
646 3192 715 3272 43),
751 3191 848 3259 donec
879 3193 1016 3260 intellexi
1048 3198 1170 3283 λαβεῖν

108 3309 192 3374 recle
212 3323 267 3388 pro
287 3300 440 3385 praeierilo
466 3300 602 3383 positum
630 3319 697 3366 esse
727 3301 774 3376 (ud
793 3299 826 3364 in
848 3300 919 3365 Ione
939 3300 1015 3365 348:
1053 3298 1168 3388 θῆρας

110 3441 173 3500 σφε
186 3409 246 3480 τὸν
261 3404 429 3492 δύστηνον
446 3406 574 3487 ἐλπίζει
592 3409 754 3483 κτανεῖν),
776 3407 809 3471 et
821 3406 879 3471 hoo
891 3405 1034 3471 Orestem
1056 3407 1165 3481 dicere,

109 3710 112 3714 ·
134 3683 159 3751 ¹)
177 3685 211 3739 In
228 3698 282 3739 uuo
298 3646 369 3737 lilino
393 3679 489 3749 quareo
507 3674 671 3748 Thucydidis
695 3675 776 3730 collos
803 3673 902 3740 ἐλπίζω
928 3673 1049 3729 futurum
1072 3674 1163 3739 habet,

175 3793 198 3831 c.
215 3779 240 3842 8,
259 3779 284 3844 9,
302 3759 346 3839 43',
365 3775 408 3836 82,
426 3773 469 3836 11,
488 3773 530 3836 18,
548 3771 591 3834 85,
611 3770 678 3834 1053
697 3767 770 3838 apud
786 3766 942 3838 Euripidem
954 3765 1163 3829 saltem-sexies.

174 3869 237 3926 Hoc.
251 3870 313 3934 820,
330 3866 504 3930 illectando,
524 3862 628 3919 Heracl.
640 3863 699 3925 152,
720 3859 813 3930 Suppl
824 3861 883 3925 845,
901 3859 1046 3924 Ion.1087‚
1066 3859 1161 3916 Troad.

173 3963 237 4028 9953
264 3960 393 4017 carisium
416 3975 477 4015 cum
501 3954 537 4013 do
561 3954 644 4011 hahei
667 3953 738 4024 apud
756 3952 876 4024 Thucyd.
894 3952 946 4016 ΙΠ,
965 3954 1008 4016 30,
1036 3952 1108 4007 Pisi.
1127 3952 1160 4007 da

162 4068 226 4128 rep.
245 4054 271 4108 0
287 4055 386 4123 pesa
407 4053 442 4119 1),
460 4049 582 4122 Xenoph.
601 4048 634 4105 de
651 4047 751 4116 εεοῒίς.
768 4047 794 4111 3,
813 4046 846 4102 11
864 4043 976 4100 caelibi
995 4045 1101 4114 sapius.
