2580 4530
465 348 467 352 ι
580 270 640 329 ne.
657 271 713 330 ru
1065 275 1128 338 ser

206 470 393 559 Buthyphr.
414 492 445 555 p
467 459 817 557 6A1Apotye,cr
805 463 1053 560 Ευδάφρον,
1081 469 1174 542 τουτ’

116 577 199 643 Adii&
229 602 274 645 (W
304 585 404 646 ἕνεκα
435 602 502 662 την
534 600 671 663 γραφηδ)
703 601 833 665 φδυγω,
868 604 922 646 Οτι
954 607 994 648 ’δα
1031 602 1191 648 Comma

116 677 254 751 ἐπειδάν
274 709 329 758 τις
350 687 430 770 περὶ
454 684 524 750 τῶν
539 685 635 749 θεῶν
656 685 749 774 reyes,
773 685 940 771 δυσχερῶς
960 713 1033 760 ποις
1050 681 1173 755 α’ττοδὲ-

113 812 233 877 χομοιις
270 784 314 857 δι’
336 787 359 858 δ
380 787 441 877 δή,
464 785 508 864 ὥς
530 796 615 857 ἔοικε
621 837 633 866 ,
657 783 757 875 φήσει
778 793 830 865 τίς
850 819 896 877 με
918 786 1173 876 ἐξαμαρτάνειν.

112 897 182 963 Huc
204 898 345 964 extrema
365 899 449 965 etin
471 893 495 963 οἳ
518 914 670 981 nusquam
690 897 789 964 relato
816 900 849 964 et
873 899 906 963 in
933 916 1032 964 causa
1054 897 1174 982 signifi-

111 1004 224 1070 catione
245 997 306 1084 (δι’
327 1000 362 1082 δ)
391 1009 424 1071 et
449 1002 619 1086 tautologia
647 997 755 1084 (τοῦτ’
781 1005 874 1071 ἐστὶν
904 991 946 1070 οὗ
976 1013 1076 1070 ἕνεκα
1098 1053 1105 1068 .

112 1104 148 1175 δι’
167 1104 193 1175 δ
216 1157 225 1174 .
252 1156 261 1174 .
284 1115 308 1189 .)
329 1110 406 1177 adeo
429 1112 502 1176 sunt
521 1114 640 1189 vitiosa,
660 1115 696 1179 ut
716 1112 912 1177 Hermannus
933 1110 1023 1194 plane
1045 1110 1173 1175 delenda

110 1215 305 1292 iudicaverit,
337 1235 475 1299 prorsus,
509 1220 546 1283 ut
575 1238 657 1302 saepe
690 1217 767 1293 diri,
804 1217 1001 1299 improbabili
1028 1217 1079 1283 via
1105 1236 1171 1282 rem

111 1321 284 1405 expediens.
339 1321 409 1387 Una
432 1323 538 1391 littera
559 1326 657 1392 semel
679 1325 809 1407 scripta,
839 1342 906 1407 quoe
934 1322 983 1389 bis
1014 1321 1170 1394 debuerat,

109 1427 217 1494 deindo
243 1429 356 1494 cetera
377 1427 460 1493 male
475 1428 580 1496 divisae
602 1449 727 1496 omnem
747 1429 827 1494 hanc
849 1429 1064 1494 difficultatem
1086 1446 1170 1493 crea·

108 1535 226 1601 rerunt.
292 1533 375 1599 Nam
406 1534 645 1621 interrogatione
679 1536 848 1601 terminata
881 1537 914 1600 in
951 1528 1171 1621 ἀποδέχομαι,

108 1638 257 1717 Socrates,
275 1639 333 1705 hoc
355 1642 559 1708 accusationis
583 1643 669 1709 fonte
693 1641 865 1725 suspicione
887 1643 1018 1726 roperto,
1041 1633 1172 1726 ἐντιφάι

108 1771 198 1830 νημσι
220 1745 365 1830 adiungit
390 1749 479 1831 quasi
505 1750 677 1814 admirans:
712 1744 823 1815 Ἵδισι
855 1743 897 1831 δή
926 1741 1026 1832 φήσει
1053 1747 1105 1820 τίς
1125 1774 1171 1833 με

109 1846 371 1938 ἐξομαοτάνοινε
412 1853 587 1939 Singnlsria
609 1875 681 1921 sane
703 1855 823 1939 (igitur)
845 1872 902 1919 nec
922 1851 1095 1918 communia
1117 1855 1172 1918 aut

107 1957 246 2043 vulgaria
267 1957 380 2042 aliquis
401 1961 479 2026 mibi
499 1961 543 2038 (iu
564 1961 688 2042 iudicio)
711 1960 839 2026 crimina
859 1956 1021 2034 obiiciet.¹)

204 2063 274 2129 Ibd
300 2084 331 2148 p.
356 2065 394 2126 11
417 2066 444 2130 Ε
468 2070 500 2132 et
528 2068 626 2133 audax
648 2070 698 2133 est
718 2067 822 2144 δεῖξαι
844 2065 952 2131 tollere
974 2082 1073 2147 neque
1094 2063 1170 2129 satis

105 2172 225 2235 rectum
250 2172 283 2235 et
302 2171 368 2237 loco
389 2174 497 2254 aptum
519 2175 593 2239 hoc:
616 2165 720 2246 σάτός
743 2198 794 2239 σοι
814 2163 1169 2257 ξυμπροθυμήσομαι,

106 2272 197 2349 ὅπως
219 2271 266 2341 ἄν
286 2302 332 2360 με
355 2272 491 2366 διδάξῃς
504 2282 583 2364 περὶ
598 2281 660 2347 τοῦ
679 2275 786 2370 ὁσίου.
829 2279 911 2344 Nam
933 2279 990 2344 hoc
1012 2277 1173 2343 studuerat

107 2381 247 2449 Socrates
271 2384 342 2450 inde
363 2387 401 2451 ab
423 2387 512 2452 initio
534 2387 694 2452 sermonis.
731 2386 824 2451 Venit
843 2385 875 2449 in
889 2386 1042 2450 mentem:
1066 2377 1171 2457 ου’τός

107 2515 156 2556 σοι
179 2487 527 2577 ξυμπροθυμήσομσι
554 2492 695 2577 δῆσαι,
720 2490 813 2566 ὅπως
834 2489 878 2558 ἄν
898 2518 943 2575 με
967 2487 1170 2578 διδάξῃς...

109 2599 158 2662 eoi
170 2597 223 2682 μή
248 2593 517 2688 προακοκάμῃςε
538 2603 641 2664 tecum
657 2601 785 2666 studebo
799 2600 969 2665 orationem
985 2597 1170 2663 sententias·

109 2721 160 2784 que
178 2704 326 2769 Daedaleo
351 2725 436 2770 more
463 2707 615 2789 fugientes
643 2709 675 2771 et
702 2708 860 2772 eludentes
882 2704 1014 2781 vincire,
1041 2707 1076 2768 ut
1099 2753 1106 2768 .
1130 2754 1169 2769 ..

109 2826 141 2871 ne
166 2808 347 2893 defetigere.
964 2865 967 2870 .
1058 2832 1061 2837 ·

204 2914 339 3002 Apolog.
352 2916 440 2982 Scor.
453 2937 484 3000 p.
496 2918 587 2981 ben:
610 2914 722 3002 ὥσπερ
745 2909 875 2987 πόνους
896 2911 995 2987 τινάς
1017 2916 1169 2981 noceor-

111 3044 178 3095 τος,
209 3027 266 3086 ἵνα
286 3046 347 3104 μοι
374 3025 427 3088 καὶ
458 3017 657 3110 deturpatae
678 3020 700 3109 ἡ
722 3023 868 3107 ,ινσιυτείσι
893 3025 1037 3108 γένοιτο.
1095 3021 1168 3100 Quae

114 3226 304 3237 ᾖ

79 3356 81 3361 ’
134 3350 156 3418 ¹)
174 3353 206 3407 P.
219 3353 271 3410 513
289 3354 466 3409 revocandum
483 3356 653 3425 quantocius:
673 3354 709 3420 ὡς
727 3355 793 3420 τοὺς
810 3355 1015 3428 πρεσβυτέρους
1033 3355 1166 3420 διαφθεί-

174 3465 267 3512 ροντι,
287 3483 293 3496 .
313 3485 320 3500 .
340 3485 348 3500 .
365 3444 411 3514 ἐμὲ
433 3445 482 3515 μὲν
507 3449 726 3512 διδάσκουσι,
751 3448 855 3505 ἐκεῖνον
879 3446 910 3504 δὲ
933 3448 1169 3503 νουθετοῦντί

175 3556 204 3592 τε
230 3536 278 3590 καὶ
303 3538 506 3604 κολάζοντι,
541 3557 589 3610 pro
615 3557 667 3609 quo
696 3543 725 3595 in
752 3543 841 3597 codice
867 3543 1019 3596 nostrorum
1045 3539 1167 3608 principe

176 3629 424 3686 διδάσκοντα...
448 3636 640 3688 νουθετοῦντα
667 3634 714 3688 aui
740 3636 893 3701 κολάζοντα
920 3633 1042 3688 effectum
1070 3635 1109 3685 est
1136 3648 1167 3684 eo

174 3723 392 3777 accommodandi
411 3722 444 3777 ad
462 3724 582 3792 proxima
600 3741 695 3791 errore,
715 3726 818 3796 dequo
837 3727 892 3782 dixi
916 3745 943 3796 p.
961 3727 995 3781 52
1014 3740 1072 3793 sqq.
1115 3723 1166 3776 Re-

174 3814 305 3868 centiores
320 3816 422 3869 codices
440 3817 589 3870 coniectura
607 3819 741 3872 emendati
759 3835 851 3872 verum
869 3817 978 3872 habent.
1007 3817 1120 3871 Frustra
1138 3816 1166 3867 in

175 3906 279 3960 tulibns
309 3924 379 3962 sana
409 3910 509 3963 rationi
536 3912 712 3979 repugnatur.
761 3911 818 3964 Ηοο
846 3926 930 3964 unum
958 3910 1026 3964 mihi
1053 3907 1167 3975 exempli

174 4014 255 4053 eausa
273 4016 321 4067 pro
338 4001 434 4054 multis
451 4002 553 4074 dictum
571 4005 639 4057 esto.
