2580 4530
583 274 643 330 uu.
663 275 716 332 111.
948 359 950 363 ‚
1075 277 1135 340 379

212 467 751 558 Ι1ο.ρ.123ΒιΚαται1ἠτόν
771 478 911 543 νῦν...
935 472 1038 564 λόγον
1061 526 1069 542 .
1095 528 1101 542 .
1125 472 1179 562 ,ἦ

114 582 231 665 τέχνης
250 582 474 665 οἰκειωτιιιῆς,
496 582 702 668 χειρωτικὴς,
725 582 944 666 θηρευτικῆς,
974 584 1177 669 ζωοθηρίοις,

114 686 290 772 χερσαίας,
329 680 627 774 ἅνθρωποθιγριάς
655 683 670 752 ’.
706 733 713 748 .
747 735 755 750 .
791 691 874 754 νέων
913 691 1085 756 πλουσίων
1121 694 1175 756 καὶ

115 787 256 871 ἐνδόξων
285 794 472 880 γιγνομένη
505 788 604 878 θήρα
633 796 843 878 προσρητέον
876 843 884 858 .
989 793 1176 880 σοφιστική.

114 899 229 966 Omnes
266 901 323 968 hos
362 902 520 986 genetivus
556 902 744 967 ludiororum
776 901 887 966 artium
924 903 1083 968 nominum
1115 923 1176 969 non

114 1005 275 1092 intelleg03
287 1025 386 1090 neque
408 1008 491 1072 enim
506 1008 627 1073 venetio
648 1007 723 1072 artis
745 1007 870 1072 estnec
892 1025 941 1071 ars
962 1010 1099 1085 venatur,
1123 1011 1176 1075 sed

114 1112 280 1195 sophistice
312 1116 360 1179 est
381 1132 417 1178 en
448 1114 568 1179 venatio
599 1111 850 1186 adolescentium,
881 1126 948 1196 queo
981 1114 1029 1178 his
1059 1115 1176 1182 artibus

114 1217 155 1284 fit.
205 1218 318 1302 Itoque
349 1218 499 1303 genetiuis
521 1219 640 1284 detivos
672 1219 899 1284 substituendos
939 1220 1005 1285 dioo
1042 1221 1177 1287 seriben-
1230 1278 1233 1288 ,

114 1319 699 1413 ᾶηωᾳυθεήτέχνγγοίνειωτιιῄ,
721 1328 1042 1414 χειρωτιυῄ,...,
1060 1328 1176 1402 δοξο-

114 1431 370 1518 aenomaus}
398 1433 483 1496 νέων
517 1430 690 1496 πλουσίων
724 1432 781 1496 καὶ
809 1425 958 1508 ἐνδόξων
989 1436 1175 1518 γιγνομένη

113 1528 215 1620 θήρα,
239 1538 319 1621 quod
344 1538 396 1620 qui
416 1536 510 1602 nimis
532 1537 678 1602 audacter
704 1537 736 1601 in
760 1540 807 1603 tot
828 1540 1009 1605 nominibus
1030 1539 1099 1605 fieri
1120 1560 1176 1622 pu-

112 1642 233 1719 nuent,
254 1644 444 1722 meminerit,
467 1664 538 1709 oum
559 1645 590 1708 in
611 1644 709 1727 primo
738 1646 912 1711 oberratum
934 1649 1032 1724 esset,
1064 1648 1100 1710 ut
1122 1667 1175 1730 pro

112 1751 208 1835 τέχνῃ
245 1750 432 1815 seriberetur
467 1752 595 1837 τέχνης,
632 1751 802 1817 neeessom'o
820 1756 823 1763 ’
839 1751 967 1816 enodem
998 1753 1029 1817 in
1064 1755 1175 1818 ceteris

111 1855 312 1921 mutationem
344 1856 460 1920 fontem
491 1874 568 1921 esse.
612 1856 710 1935 Quum
743 1857 842 1922 facilis
874 1861 978 1949 nutem
1010 1858 1063 1924 ille
1092 1879 1176 1925 error

110 1959 210 2039 fuerit,
238 1961 357 2026 dietum
388 1963 437 2026 est
458 1982 549 2045 supro
570 1983 600 2045 p.
629 1964 668 2024 67
698 1965 729 2026 et
756 1961 795 2025 od
817 1962 955 2046 Thucyd.
985 1966 1032 2037 H,
1066 1965 1116 2040 83,
1147 1965 1175 2029 1.

110 2066 167 2140 (De
189 2087 220 2150 p.
243 2068 355 2130 11411
377 2067 495 2132 dietum
517 2069 564 2159 est
585 2069 637 2132 itlo
658 2068 725 2150 ipso
745 2068 809 2135 loeo
832 2089 860 2150 p.
884 2070 949 2138 67.)

209 2173 274 2238 lbd.
288 2193 318 2255 p.
328 2173 440 2238 2280:
464 2169 526 2240 ὅσοι
551 2166 713 2256 κινήσεως
733 2167 945 2260 μετασχόντα
969 2181 1023 2241 καὶ
1046 2171 1175 2242 σκοπόν

109 2304 183 2342 τινα
223 2282 355 2363 θέμενοι
393 2273 520 2345 τούτου
546 2275 728 2367 τυγχάνειν
768 2274 848 2346 καθ’
882 2272 1027 2367 ἑκοῖστιχν
1061 2278 1173 2367 ὁρμήν

109 2377 292 2470 nondumne
328 2379 438 2452 ου’του
479 2388 631 2473 γίγνεται
664 2390 728 2453 ,κα1
773 2381 1015 2474 α’ποτυγχοὶνει.
1072 2391 1174 2455 Verba

107 2485 233 2557 τούτου
254 2489 448 2578 τυγχάνειν,
475 2494 556 2576 quod
583 2515 654 2560 oum
680 2488 806 2577 reliquis
834 2496 917 2560 nullo
943 2497 1034 2562 modo
1056 2499 1173 2570 coeunt,

107 2616 233 2678 prorsus
264 2599 333 2664 tolli
364 2600 485 2675 uolunt;
519 2599 591 2664 addi
620 2599 671 2682 qui
699 2601 862 2682 potuerint,
895 2621 954 2666 nou
987 2602 1171 2685 significent.

107 2701 310 2768 Scribendum
339 2707 387 2770 est
418 2705 534 2788 optima
557 2706 721 2783 sententie,
744 2707 874 2772 minima
903 2709 1086 2772 mutatione:
1117 2703 1171 2773 καὶ

107 2802 247 2873 οποπόν
268 2836 344 2875 τινα
379 2814 511 2896 θέμενοι
540 2805 636 2875 αὐτὶ
664 2813 737 2876 του
768 2807 947 2899 τυγχάνειν
982 2809 1063 2878 καθ’
1095 2809 1172 2879 tuot-

107 2939 192 2998 στην
215 2909 329 3000 ὁρμήν
355 2944 383 2983 κ.
405 2944 436 2983 τ.
460 2920 488 2983 1.
529 2918 632 2982 Semel
653 2917 765 2999 scripto
794 2946 825 2995 a,
857 2939 892 2984 eu
914 2945 1030 2985 ντιτου
1055 2921 1171 2985 fautum

107 3013 241 3087 touton.

208 3129 274 3192 lbd.
297 3149 326 3211 p.
351 3131 411 3191 229
434 3131 478 3194 A:
514 3124 653 3196 Ουὐουν
690 3131 743 3194 ταὶ
777 3133 853 3213 περὶ
886 3115 951 3213 μὲν
984 3128 1087 3214 ὕβριν
1116 3131 1170 3194 καὶ

106 3227 244 3299 α’δικιάν
265 3235 319 3299 καὶ
343 3236 474 3301 δειλίαν
483 3227 492 3265 s
495 3229 516 3319 ἡ
544 3230 723 3318 κολαστική
740 3240 868 3318 πέφυκε
884 3237 1010 3322 τεχυοῖν
1022 3235 1170 3317 μαλιστα

108 3335 149 3424 δή
191 3342 316 3433 τιαοών
349 3336 568 3426 προσήκουσα
600 3343 686 3426 δίκη.
742 3343 816 3406 Haeo
852 3362 975 3424 prorsus
1012 3344 1171 3423 nugatorie

108 3447 261 3517 dicuntur,
291 3442 355 3531 τήν
388 3443 590 3534 κολοιοτιυήν
619 3449 752 3513 maxime
780 3467 848 3513 esse
884 3448 981 3531 δίκην
1010 3448 1041 3511 et
1073 3448 1170 3530 δίκην

107 3547 350 3637 προσήκουσαν
381 3556 482 3620 neseio
505 3557 563 3620 oui.
608 3554 720 3619 Omnis
741 3557 824 3619 reeta
843 3556 875 3619 et
897 3554 1050 3639 elegantia
1071 3555 1172 3628 eruut,

106 3659 167 3724 iota
188 3659 376 3742 subscripto:
406 3664 533 3746 τεχνῶν
560 3655 707 3744 μάλιστα
733 3658 775 3745 ὃν)
810 3661 928 3726 πασῶν
951 3653 1169 3743 προσήκουσα

106 3765 220 3852 Δίκῃ.
269 3765 313 3828 Ut
340 3768 524 3850 praeoipuum
553 3768 632 3831 hono
660 3785 726 3831 esse
753 3767 878 3832 iustitiae
911 3771 1029 3850 portem
1061 3766 1169 3850 hospes

106 3871 231 3937 Eleates
253 3871 416 3955 significet,
446 3874 578 3937 maxime
607 3891 675 3936 eam
707 3871 771 3937 deae
790 3872 920 3937 Iustitiae
956 3875 1117 3958 cognotam
1140 3872 1171 3934 et

106 3976 263 4059 propriam
286 3975 369 4041 dicit.
1024 4045 1026 4049 ,

205 4082 272 4147 lbd.
295 4102 325 4164 p.
339 4084 395 4143 231
411 4086 448 4160 A,
472 4084 514 4146 B:
537 4079 629 4164 ὅμως
652 4084 684 4148 δὲ
708 4090 856 4182 ἔστωσαν
878 4086 930 4161 (hi,
954 4081 1171 4168 8108818111·
