2626 4530
592 262 653 319 Lib.
668 253 721 323 ΙΙΙ.
1080 264 1143 329 393

115 452 212 547 ,γάρ
280 461 348 526 Hoc
375 455 440 548 γάρ
468 461 615 527 facillime
642 463 779 528 excidere
808 463 943 546 poterat,
977 462 1055 545 qnod
1083 463 1186 546 sequi-

123 565 177 629 tur
198 557 261 649 ἆρ’.
563 615 568 624 ,

226 671 293 737 lbd.
315 692 345 755 p.
360 673 396 734 41
415 673 454 736 E:
481 672 533 746 τίς
553 667 684 738 τούτων
705 667 792 758 πρός
813 666 962 758 α’λλῄλας
982 674 1107 757 μείζων
1130 677 1184 741 καλ

116 778 182 850 τίς
200 771 346 843 ἐλάττων
367 780 422 844 uui
445 780 497 851 τίς
517 779 650 862 μᾶλλον
672 781 726 845 καλ
749 779 802 852 τίς
824 771 1044 864 υφοιλροτὲρα.
1058 780 1064 789 “
1078 777 1186 862 Neque

125 902 184 966 per
206 903 238 950 se
260 884 320 949 dici
341 904 447 966 posse:
470 884 521 957 τίς
542 886 685 968 μᾶλλον,
710 885 763 950 ubi
784 885 822 950 de
846 886 971 979 duobus,
1000 887 1070 951 uter
1090 885 1187 950 maior

117 991 188 1068 sia,
225 991 394 1073 quaeratur,
427 1008 523 1073 neque
551 991 583 1054 in
616 992 674 1056 hac
709 1011 778 1057 cum
812 992 937 1075 reliquis
970 990 1186 1056 adiectircrum

120 1096 345 1180 *comparativis
368 1096 591 1171 coniunctione,
612 1099 810 1163 manifestum
834 1100 891 1164 est.
928 1097 1057 1163 Videtur
1076 1096 1186 1164 fixisse:

121 1203 186 1268 ειαλ
208 1203 260 1275 τίς
281 1195 502 1286 μαλακωτέρα
526 1204 580 1266 aui
600 1197 806 1288 ὁριυλωνὲρα.

230 1309 297 1373 Ibd.
307 1328 336 1391 p.
344 1308 386 1370 44
399 1309 426 1372 Β
437 1309 469 1372 in
481 1307 631 1390 scriptura
640 1309 735 1376 trium
746 1308 929 1392 optimorum
941 1307 1079 1375 codicum
1092 1303 1186 1392 (ὅνιιρ

120 1409 228 1479 ἅπαν
250 1409 386 1498 ἡδονάς)
408 1414 529 1479 videtur
543 1414 645 1494 potius
661 1414 771 1478 latere:
796 1407 913 1498 φύσιν·
936 1409 974 1480 νδ
995 1409 1061 1501 γυὲρ
1078 1410 1186 1489 ἅπαν,

123 1538 223 1603 quam
245 1520 325 1603 quod
347 1522 463 1587 editur:
488 1527 523 1585 οἳ
543 1515 581 1585 τό
604 1515 781 1602 παράπαν.

230 1626 297 1692 Ibd.
308 1648 337 1711 p.
349 1628 446 1693 45A:
469 1619 548 1710 'Ap'
571 1617 634 1692 οὖν
660 1631 695 1692 αἱ
718 1623 901 1712 πρόχειροι,
925 1632 1026 1711 αἵπερ
1049 1628 1103 1692 καὶ
1126 1653 1188 1711 με·

121 1736 243 1819 ,γιστυιι
266 1736 334 1798 τών
363 1726 526 1818 ἡδονῶν.
550 1781 558 1798 .
582 1783 589 1800 .
613 1738 647 1798 αἱ
671 1734 747 1815 περὶ
770 1728 809 1797 τό
834 1725 929 1814 σῶμά
958 1736 1045 1798 εἰσιν
1067 1721 1187 1812 aarum

128 1837 240 1922 Neque
259 1839 302 1919 id,
324 1840 403 1924 quod
418 1840 511 1922 caput
531 1840 588 1917 ast,
610 1840 759 1903 maximas
776 1849 848 1904 'esse
871 1840 925 1904 has
948 1839 1120 1922 voluptates
1142 1840 1189 1918 (ut
1258 1828 1261 1841 ’

126 1944 165 2008 in
187 1945 225 2010 iis
247 1947 380 2028 spectari
401 1944 564 2028 voluptatis
592 1946 702 2011 natura
731 1929 870 2028 debeat),
898 1946 943 2010 sic
965 1945 997 2008 in
1027 1945 1188 2010 relativam

130 2052 319 2117 sententiam
343 2054 489 2134 tanquam
510 2052 661 2134 appendix
679 2051 792 2117 'ceniici
813 2052 924 2133 petest,
947 2069 1044 2134 neque
1068 2051 1188 2134 simpli·

127 2157 210 2222 citer
224 2158 379 2235 affirmari,
400 2156 611 2240 paratissimas
626 2157 801 2240 voluptates
823 2156 917 2221 etiam
933 2157 1084 2221 maximas
1107 2175 1188 2234 esse;

128 2263 253 2327 tantum
270 2264 327 2328 hoc
341 2264 474 2347 primum
491 2264 691 2345 experimenti
704 2263 771 2330 loco
786 2265 917 2348 ponitur,
941 2262 1060 2340 deinde,
1081 2263 1189 2327 aliane

123 2368 197 2433 sint
218 2368 366 2443 maxima,
389 2369 542 2451 quaeritur.
599 2369 798 2435 Scribendum
814 2371 926 2454 igitur:
956 2359 1035 2455 'Aa'
1057 2359 1131 2444 οὖν,
1153 2373 1189 2434 αἱ

129 2467 303 2560 πρόχειροι
326 2480 444 2559 εἴπερ
468 2478 522 2540 καλ
545 2480 699 2563 μέγισται
722 2479 790 2542 τῶν
810 2476 957 2559 ἡδονῶν,
1059 2480 1093 2540 αἱ
1110 2500 1143 2539 π.
1158 2502 1188 2540 a.

131 2605 152 2644 σ
177 2607 202 2644 ε.
221 2569 337 2661 αὕτως
362 2582 579 2661 (Quaerendum
594 2586 641 2648 est
654 2583 685 2647 in
697 2584 858 2660 maximis;
881 2585 907 2648 si
918 2583 1012 2667 igitur
1023 2583 1190 2666 promptis·

124 2685 228 2751 simae
243 2687 335 2751 etiarn
357 2696 495 2752 maximae
523 2691 610 2766 sunt,
642 2709 743 2754 nonne
773 2691 902 2772 corperis
933 2689 1105 2770 vuluptates
1132 2689 1189 2765 hae,

123 2810 164 2856 a:
189 2794 434 2874 prumptissima,
457 2797 565 2872 eunti)

233 2898 290 2962 lbd
310 2920 338 2982 p
350 2900 421 2964 470
442 2903 604 2984 postquam
616 2900 757 2964 Socrates
781 2901 817 2964 de
840 2901 1047 2984 voluptatibus
1063 2919 1080 2965 e
1095 2822 1189 2965 solius

119 2990 267 3085 ‘eorporis
294 3008 453 3072 centrariis
484 3007 642 3072 affectibus
673 3005 838 3084 (desiderio
867 3007 898 3069 et
920 3007 983 3070 aius
1006 3007 1107 3088 explet
1107 3007 1187 3082 ione)

125 3110 210 3175 entis
232 3109 317 3185 duit,
339 3112 377 3176 ad
400 3132 452 3177 eas
473 3113 601 3191 transit,
629 3131 696 3195 quae
719 3131 754 3176 ex
777 3112 928 3176 contrario
950 3111 1045 3176 animi
1067 3113 1099 3174 et
1122 3130 1190 3175 cer-

130 3214 215 3300 poris
253 3218 360 3282 affectu
396 3218 547 3283 emuntur:
585 3219 663 3302 περὶ
699 3219 745 3283 δὲ’
766 3217 833 3282 νυῖν
866 3223 902 3282 ἐν
935 3218 1026 3305 ψυχῇ
1060 3210 1189 3301 σώματι

131 3314 297 3387 τυῖναντιύ
322 3318 560 3408 ξυμβάλλεται,
584 3318 698 3410 linae
719 3351 756 3390 τε
778 3321 849 3408 ἅμα
874 3317 959 3409 πρός
981 3318 1112 3408 ἡδονήν
1135 3325 1189 3389 aci
1283 3390 1285 3400 ,

126 3422 265 3512 ἡδονήν
290 3424 374 3512 πρὸς
401 3427 543 3514 λύπην.
568 3479 576 3495 .
601 3479 622 3507 .,
643 3434 750 3498 ταῦτα
782 3456 810 3495 κ.
832 3456 860 3495 c.
880 3433 909 3496 λ.
963 3430 1012 3494 Ad
1043 3429 1188 3495 orationis

129 3536 322 3600 structuram
351 3536 543 3602 efficiendam
570 3557 632 3601 una
660 3537 763 3603 littera
788 3537 937 3602 mutanda
959 3538 1021 3600 est:
1056 3539 1133 3615 περὶ
1157 3537 1191 3601 δὲ

129 3641 219 3714 τῶν,
252 3645 289 3705 εἰ
320 3637 409 3727 ψυχή
445 3640 575 3725 σώματι
609 3636 772 3708 υυῖνυιντιύ
807 3637 1037 3728 ξυμβάλλεται
1071 3641 1122 3716 (de
1153 3642 1191 3706 iis

133 3746 351 3828 voluptatibus
373 3748 409 3824 si,
432 3767 464 3813 a:
488 3769 554 3831 quae
570 3751 717 3829 criuntur,
739 3751 788 3833 si).
821 3748 1028 3814 Debrevitate
1048 3747 1192 3813 erationis

134 3854 168 3916 et
198 3853 323 3917 articulo
350 3855 511 3937 praeposita
540 3857 598 3920 teti
625 3857 786 3922 sententiae
814 3856 868 3920 cfr.
890 3857 968 3940 synt.
993 3853 1047 3919 Gr.
1071 3852 1088 3934 ᾖ
1112 3854 1150 3912 15
1172 3855 1193 3917 b

133 3959 201 4022 not.
217 3961 243 4022 1.
279 3958 326 4032 (In
348 3961 489 4041 proximis
502 3962 696 4028 Hermannus
718 3963 831 4026 frustra
853 3979 987 4025 errorem
1008 3957 1193 4040 optimorum

132 4061 290 4141 codicum,
327 4064 431 4130 ταῦτα
469 4063 509 4152 δή
543 4059 618 4133 τότε
652 4070 717 4151 μέν
749 4086 803 4150 pro
838 4067 945 4132 ταῦτα
980 4065 1015 4133 ‹ll
1048 4061 1196 4129 adiuvare
