2580 4530
543 280 604 339 Lib.
622 280 661 337 Π,
1029 283 1089 346 223
1133 274 1135 278 ’

66 489 172 564 ζουσι,
200 502 259 565 pro
288 501 348 566 quo
371 481 454 566 quod
475 480 677 555 coniecerim,
708 482 740 545 in
763 481 845 546 idem
872 482 961 548 video
986 483 1132 549 incidisse

66 589 267 664 Mamercium,
290 588 469 664 ἐωαξιοεῖοί
482 612 537 672 με.
580 586 624 650 uo
645 589 812 670 composito
832 588 890 652 hae
911 590 1132 673 significatione

67 697 175 780 sepius
199 694 369 778 Sophocles
390 693 498 758 utitur.
541 693 593 756 'In
622 693 719 758 altero
749 712 840 758 uersu
866 696 948 759 recte
976 697 1131 762 Goebelius

68 794 257 877 θελόντων,
280 820 342 866 non
363 800 449 865 recte
474 791 516 864 οό
538 790 727 874 θελόντων,
751 819 809 883 quo
832 800 899 866 loeo
920 801 1041 884 negatio
1062 804 1131 867 ante

68 909 281 975 condicionem
314 907 359 984 (si
388 906 454 970 illi
486 904 641 980 volunt,
676 925 721 971 ne
750 896 827 971 'tibi
861 906 1029 990 quidem)
1061 908 1132 990 peni

68 1013 184 1098 nequit.
230 1011 434 1078 Scribendum
459 1010 592 1076 videtur:

131 1113 229 1188 ’Aur’
247 1115 309 1184 ἔα·
333 1113 511 1183 θελόντων
532 1111 563 1205 γ’
588 1111 666 1186 eride
689 1119 740 1184 οοί
764 1112 904 1204 φεωγειν
926 1112 1040 1184 καλόν.

68 1229 125 1305 (At
148 1227 217 1293 sine
240 1245 292 1291 eos
314 1227 346 1290 te
373 1225 498 1289 domum
527 1224 696 1302 deducere.)
738 1220 808 1290 Ἕω
836 1243 891 1306 pro
921 1243 982 1289 une
1014 1226 1133 1311 syllaba

69 1335 156 1417 poni,
184 1332 296 1397 notum
325 1331 374 1395 est
399 1330 662 1413 (Aristophane
692 1331 770 1410 932,
799 1331 907 1397 eccles.
930 1331 1018 1410 784);
1052 1333 1133 1415 apud

70 1439 254 1524 Sophoclem
264 1438 297 1502 in
311 1437 370 1502 hac
383 1438 451 1519 ipsa
470 1434 621 1520 tragedia
634 1437 713 1499 1192
729 1443 831 1521 ε”αοον
844 1457 899 1520 pro
915 1437 1032 1504 duabus
1044 1442 1100 1505 eet.
1108 1440 1132 1517 ¹)

163 1543 314 1610 11111988
337 1562 405 1626 sqq.
431 1542 594 1631 tOEdipusu

203 1643 301 1717 Ἀλλ’
324 1641 373 1714 oo}
388 1641 453 1734 φοίρ
476 1639 546 1712 οὔτ’
570 1652 608 1711 ἐν
628 1637 733 1713 τοῖσδ’
755 1643 944 1734 αἰιοωσομαι
968 1645 1070 1724 αααδς

206 1751 371 1843 φοίμοιοιν
393 1750 474 1819 οὔθ’
497 1749 558 1826 odo
581 1757 653 1818 αἰὲν
673 1759 832 1842 ἐμφερεῖς
855 1749 897 1821 σω
917 1783 976 1840 μοι

207 1856 335 1946 φόνους
357 1850 535 1945 τιατρωους
560 1861 767 1944 ἐξονειδίζων
789 1862 926 1945 πικρως.
972 1876 974 1882 ’

171 1968 281 2052 Neque
297 1973 461 2052 ἐμφορεῖν
475 1959 608 2051 γοίμους
624 1968 692 2034 τινί
707 1988 804 2059 neque
820 1974 977 2054 ἐμφέρειν
992 1971 1041 2044 (-
1059 1985 1131 2030 nam

71 2076 140 2142 cod.
154 2076 240 2143 Med.
254 2074 386 2158 aprima
400 2077 678 2157 ωοοα-ἐμφέρεις,
700 2095 792 2159 supra
814 2076 925 2158 scripto
948 2072 987 2136 ab
1009 2071 1133 2154 antiqua

68 2201 166 2248 manu
205 2184 239 2263 o)
277 2182 377 2264 teque
413 2172 594 2264 ἀναφέρειν
631 2173 821 2266 (οἷμφίρειν)
855 2183 973 2246 rectum
1003 2180 1064 2253 est,
1102 2168 1133 2242 et

69 2289 271 2355 vitiosissime
292 2285 430 2352 abundat
451 2278 631 2365 ὀνειδίζων,
680 2287 750 2352 Una
771 2288 875 2353 littera
896 2285 1042 2361 detracta,
1066 2303 1132 2366 quae

70 2397 117 2459 bis
141 2394 258 2476 scripta
279 2395 336 2467 est,
360 2393 396 2457 fit
416 2392 535 2455 rectum
556 2411 736 2474 verumque:

380 2493 438 2569 οὓς
461 2501 534 2560 ord-o
559 2501 732 2581 ε’μφορεῖ
755 2490 796 2563 σω
818 2524 876 2581 μοι
940 2522 943 2533 ·

244 2600 371 2687 φόνους
394 2598 572 2688 πατρῴους
595 2603 801 2683 ἐξονειδίζων
824 2606 951 2687 πικρως

70 2713 196 2794 (quibus
234 2709 312 2773 mihi
343 2708 520 2774 obiiciendis
542 2711 574 2774 te
607 2711 695 2793 quasi
716 2710 886 2794 ingurgites
919 2711 951 2786 et
973 2709 1132 2791 oblectas).

70 2819 130 2898 Qui
154 2809 217 2882 οων
241 2815 453 2900 ἐμπίπλαται
482 2817 590 2880 ποιων
618 2806 650 2880 τι
680 2816 813 2898 (Elusio,
839 2816 1013 2898 Aristoph.,
1041 2813 1131 2890 Xan.)

69 2943 171 3008 neque
205 2915 332 3008 μεστός
364 2927 432 2986 ἐστι
468 2922 685 3002 ἐξονειδίζων,
718 2923 745 2987 is
776 2923 886 2988 fruitur
914 2923 1132 3005 obiurgatione,

71 3037 272 3116 ἐμφορεῖται
297 3028 512 3108 ἐξονειδίζων.
923 3026 926 3031 ’

172 3134 241 3199 Ibd.
266 3135 357 3209 1036,
382 3135 461 3196 1037
485 3135 595 3210 (Creon
618 3133 756 3217 (Edipo):

212 3231 327 3306 Οωδὲν
349 3234 390 3305 σω
414 3235 578 3324 μεμπτόν
601 3233 721 3306 ἐνδωδ
745 3236 792 3305 ων
814 3247 898 3322 ἐρεῖς
920 3237 1004 3322 ἐμοί.

213 3347 311 3411 Oreo
338 3346 372 3412 ‹u-
394 3340 513 3432 χήμεῖς
536 3340 713 3432 εἰσωμεσδ’
734 3343 757 3410 ό
778 3341 839 3432 χρυ)
865 3359 986 3410 ποιεῖν.

282 3560 286 3567 ι

92 3574 276 3583 -ι--ι--ι

100 3715 122 3783 ¹)
142 3716 250 3781 V.861‚
269 3716 317 3771 ubi
335 3719 508 3773 incod.Med.
520 3724 572 3774 est:
595 3725 642 3774 Xe.
663 3719 761 3774 Δεινὸν
773 3718 858 3787 λέγοις
876 3715 1019 3784 (aliieodd.
1032 3715 1134 3783 λέγεις).

142 3814 195 3877 Κρ.
214 3813 298 3864 τοῦτο
319 3816 369 3866 νῦν
388 3814 567 3880 πεπράξεται,
587 3812 813 3867 recteTriclinius
831 3810 984 3880 scripserat:
1006 3812 1055 3862 Xe.
1072 3814 1133 3860 Δει-

142 3899 196 3955 νὸν
225 3901 320 3971 λέγεις.
363 3910 414 3971 Κρ.
440 3902 495 3969 ε,Ως
520 3911 602 3961 τοῦτο
632 3911 683 3961 νῦν
701 3903 877 3970 πεπράξεται,
923 3903 1072 3956 Pronomen
1102 3899 1135 3952 σω

143 3992 352 4063 languidissime
382 3997 499 4052 adhaeret
528 4003 590 4069 post
621 3998 716 4068 λέγεις,
748 3995 882 4064 particule
910 3995 945 4059 ὠς
973 3995 1063 4049 abesse
1090 3991 1136 4045 vix

143 4089 244 4156 potest.
