2580 4530
215 282 276 345 502
637 286 698 343 Lib.
717 289 765 345 IV.

172 485 251 566 ἱσην
284 477 349 567 την
380 484 526 568 πορείαν
561 476 743 570 ἐποιήσατο
776 487 833 552 ἐπὶ
865 479 930 571 την
953 485 1148 552 Σελλασίαν
1179 507 1233 548 τα·

173 588 346 673 λουμένην
357 583 469 656 πόλιν.
502 591 699 657 Adiectivum
714 594 792 678 ἴσην
805 612 865 659 non
879 592 982 669 habet,
1006 611 1068 675 quo
1079 590 1233 657 referam.

172 694 303 775 (Eritne,
327 695 379 779 qui
394 717 462 762 cum
476 691 598 782 εὐθείᾳ
620 697 815 779 confundam)
846 699 962 763 Verum
979 717 1042 764 non
1054 695 1234 772 tollendum,

174 799 254 882 quod
276 800 454 869 Dindorfius
477 802 640 888 signifieat,
663 804 717 870 sed
735 804 946 870 scribendum:
965 807 1114 888 μέσην.
1158 801 1235 866 Nam

174 905 242 970 duae
272 908 400 991 reliquae
433 911 537 992 partes
570 909 675 975 dextro
700 912 734 976 et
764 910 889 976 sinistro
917 910 1027 975 itinere
1062 927 1128 974 σεε
1158 909 1235 974 εσσε

173 1011 271 1077 Paulo
292 1016 362 1096 post
385 1016 437 1093 (de
459 1013 592 1094 Isch01a)
612 1015 806 1082 scribendum
828 1017 884 1092 est,
908 1014 1080 1081 coniunctis
1092 1012 1237 1080 Sohaeferi

175 1120 206 1183 et
216 1119 313 1204 Angli
327 1121 486 1185 cuiusdam
504 1120 700 1187 oonieotun's:
722 1122 790 1187 τῶν
806 1113 1086 1207 ἐπιφανεστάτων
1102 1120 1236 1202 Σπαρ-

175 1227 328 1291 τιατῶν
349 1223 400 1290 ῶν
422 1231 488 1308 (pro
510 1228 723 1309 στρατιωτῶν
744 1228 809 1293 sine
831 1225 902 1308 ῶν).

274 1324 343 1395 Ibd.
366 1333 420 1396 75:
445 1333 617 1407 Φλιασίοις
639 1334 673 1400 δὲ
695 1334 968 1420 πολεμουμένοις
988 1324 1049 1398 ὑπ’
1070 1323 1238 1418 ’,Αργείων

178 1430 299 1521 Χάρης
322 1431 381 1502 ὑπ’
403 1431 606 1523 Ἀθηναίαν
620 1441 799 1525 πειρηθείς
815 1433 1002 1525 στρατηγός
1021 1432 1113 1523 μετά
1138 1430 1238 1505 δυνά·

175 1566 266 1627 μεως
297 1536 470 1629 ἐβοήθησε
503 1559 574 1621 τοῖς
607 1545 779 1620 Φλιασίοις
811 1548 1124 1631 πολιορκουμένοις.
1168 1543 1239 1609 Tria

175 1650 332 1732 postrema
352 1654 447 1718 verba
468 1636 599 1719 delenda
619 1654 699 1718 sunt.
742 1651 804 1720 Gfr.
825 1653 865 1720 ad
886 1650 944 1732 ΧΙ,
967 1654 1016 1714 61.

277 1754 424 1823 Ibd..85:
459 1753 543 1825 κατά
573 1760 606 1826 δὲ
630 1753 695 1845 την
726 1753 824 1834 άξίαν
848 1760 1035 1830 Μαντινεῖς
1061 1760 1129 1842 μὲν
1149 1750 1237 1841 μετά

177 1864 245 1928 τῶν
274 1861 386 1931 σ’ίλλων
407 1859 586 1952 Ἀρκάδων
612 1861 651 1933 τά
682 1859 791 1942 δεξιάν
818 1868 953 1949 ἐπεῖχον
982 1864 1081 1947 νίρας
1106 1887 1136 1927 τι.
1160 1888 1190 1927 τ.
1212 1863 1238 1926 λ.

176 1968 291 2035 Sorib.:
318 1968 402 2038 αατσὶ
427 1974 461 2039 δὲ
483 1967 549 2060 την
570 1970 690 2048 τάξιν
712 1976 910 2042 Μαντινεῖς.
936 1967 981 2040 (si
993 1970 1117 2052 propria
1139 1969 1239 2052 aliqua

180 2077 314 2162 dignitas
336 2080 577 2146 Mantinensium
598 2062 835 2163 signifioa‘retur‚
862 2093 929 2158 quae
952 2074 1036 2138 nulla
1058 2074 1135 2152 erat,
1159 2073 1239 2138 dioe-

177 2187 276 2247 retur:
320 2186 365 2252 Οἱ
386 2190 451 2268 μὲν
475 2192 663 2260 Μαντινεῖς
685 2182 769 2250 κατά
791 2177 856 2267 την
879 2174 998 2258 α’ξίαν.)

280 2288 349 2356 Ibd.
383 2294 437 2357 95:
483 2294 552 2358 τῶν
585 2294 620 2359 δὲ
652 2293 872 2379 συγγραφέων
899 2279 1153 2368 Διονυσόδωρος
1188 2283 1239 2348 καί

174 2391 318 2471 ’Ἄναξις
347 2403 379 2462 οἱ
403 2401 549 2465 Βοιωτοὶ
582 2392 648 2482 τήν
679 2398 747 2462 τῶν
767 2390 976 2480 Ἑλληνικῶν
1008 2392 1164 2476 ἱστορίαν
1197 2393 1241 2461 είς

181 2503 306 2568 τοῦτον
321 2499 382 2569 τῶν
398 2500 555 2572 ἐνιαυτῶν
571 2497 814 2588 κατεστράφασι
831 2497 894 2576 τάς
909 2494 1091 2575 συντάξεις.
1130 2497 1240 2563 Scrib.:

114 2627 116 2632 '
181 2610 255 2690 τῆς
292 2612 360 2675 τῶν
390 2607 600 2696 Ἑλληνικῶν
640 2609 828 2693 ἱστορίας
964 2600 1026 2677 τάς
1059 2600 1240 2680 συντάξεις.

184 2715 374 2791 (Dindorfius
394 2719 426 2783 in
450 2719 496 2784 ed.
519 2720 539 2779 4
560 2711 625 2802 την
647 2720 679 2783 οἱ
700 2716 853 2801 ἱστορίαν
873 2713 1021 2788 σσεὶσίἱὶ.)

282 2824 349 2889 Lib.
371 2824 458 2905 XVI,
484 2827 516 2888 l:
560 2822 650 2892 οἴσω
682 2818 747 2910 γάρ
779 2818 928 2908 μάλιστα
960 2810 1243 2900 διαλαμβάνομεν

182 2922 247 3011 την
270 2933 421 3016 ἱστορίαν
444 2983 451 2998 .
471 2982 500 2997 ..
525 2934 615 3019 σαφῆ
640 2935 803 3020 γενέσθαι
826 2942 897 3001 τοῖς
920 2914 1243 3010 α’ναγιγνῶοιισυσιν.

184 3035 295 3102 Scrib.:
318 3031 482 3122 μάλιστ’
504 3035 553 3107 άν
576 3031 880 3123 διαλαμβάνομεν.
896 3083 903 3098 .
917 3084 925 3100 .
938 3033 1112 3120 γενέσθαι.
1140 3024 1243 3121 XVII,

186 3144 218 3206 l:
243 3140 330 3210 οὕτω
354 3145 419 3234 γάρ
441 3142 588 3233 μάλιστα
611 3139 912 3231 ὑπολαμβάνομεν
933 3193 941 3207 .
964 3190 971 3205 .
996 3186 1004 3202 .
1028 3141 1183 3202 ἔσεσθαι.

285 3249 353 3316 Ibd.
378 3257 430 3317 12:
465 3261 503 3320 ἐν
526 3253 649 3339 σταδίῳ
677 3247 778 3339 ὀλίγῳ
803 3250 836 3317 δὲ
860 3239 1063 3329 διαστήματι
1086 3242 1147 3325 τῆς
1171 3239 1244 3305 δια-

184 3358 310 3442 τειχίσυ
326 3369 387 3425 ε”σω
402 3354 513 3447 μάχης
535 3358 640 3444 οάσης
662 3359 850 3443 συνέδραμε
872 3356 1011 3437 πλῆθος
1033 3347 1246 3433 στρατιωτῶν

186 3466 236 3535 εἷς
259 3462 380 3534 στενῶν
401 3462 520 3534 τόπον.
550 3463 767 3548 1161111111]υεὶ
789 3466 860 3537 ε’σῶ,
883 3479 943 3525 non
956 3459 1097 3524 Graecum
1120 3453 1247 3520 διατεί-

189 3590 261 3651 χισν
314 3571 419 3649 scrib,
449 3574 569 3639 sublato
590 3570 860 3652 interpolamento:
889 3571 925 3630 ἐν
948 3561 1107 3647 σταδιαίςσ
1132 3561 1166 3627 δὲ
1189 3560 1247 3641 (sio

185 3673 249 3739 iam
274 3676 379 3760 Steph.
403 3685 435 3747 ελ
458 3679 549 3745 Dind.
572 3679 606 3756 4)
639 3671 842 3760 διαστήματι
865 3673 927 3756 της
955 3668 1248 3753 διατειχίσεωε

188 3776 301 3866 dorse·
339 3786 416 3854 Cum
440 3807 476 3852 ex
499 3785 723 3870 διατειχίσεως
744 3781 846 3846 ortum
867 3779 949 3842 esset
971 3776 1153 3860 διατειχίου
1176 3782 1247 3848 ἔσω,

188 3885 327 3954 additum
350 3897 397 3960 est
418 3887 539 3979 μάχης.
586 3892 689 3969 (Prius
710 3886 857 3953 mendum
878 3887 979 3950 ortum
1001 3884 1049 3950 εελ
1071 3899 1107 3943 ex
1130 3881 1249 3946 ΣΤΑ-

189 3994 362 4063 ΔΙΛΜΖΙ
378 4020 433 4083 pro
459 3997 746 4072 ΣΤΑΛῙΑΙΩΙ.)

290 4099 357 4168 Ibd.
382 4108 435 4170 19:
459 4111 491 4172 οἱ
512 4109 578 4189 μὲν
600 4101 779 4188 στρατηγσὶ
802 4098 868 4163 τῶν
892 4090 1109 4179 Συρακοσίων
1131 4095 1168 4156 ἐκ
1190 4091 1250 4175 της
