2580 4530
599 274 659 330 Lib.
677 274 714 331 11.
1076 273 1137 336 263

122 478 261 556 (Utinam
303 476 410 542 shores
448 475 574 548 ducam,
610 474 662 540 ubi
700 473 786 560 virgo
820 476 906 552 duni,
944 477 974 540 in
1010 475 1178 558 splendidis

120 584 243 666 nuptiis.
276 577 416 665 Χοροδς
429 583 564 664 ἱστανήν
574 599 628 663 pro
639 594 748 666 χοροῖς
767 582 799 647 δὲ
814 582 935 666 ονοιήν
945 574 1096 648 Badhami
1108 584 1176 658 esi.)

216 689 286 755 Ibd.
311 688 391 750 1242
424 685 703 752 incommodissime
734 686 845 771 placidi
877 690 909 752 ei
940 686 1060 752 imnioii
1091 688 1176 753 lacus

118 794 199 860 Delii
244 795 332 878 aqna'e
373 793 567 876 appellantur
601 789 751 859 ἅπαντα
797 790 914 860 ὕδατα.
980 792 1176 858 Saiibendum

117 902 252 966 videtur:
441 905 448 913 “

337 1000 359 1071 α’
367 1000 453 1091 δροῖ
462 1031 568 1071 κτον
589 998 700 1090 μαὀηρ
724 1001 868 1072 ὑδάτων.

117 1112 272 1178 Vocabnlo
293 1119 362 1196 (pro
383 1105 584 1195 ἄνδραοκος)
606 1132 679 1178 usus
701 1114 749 1178 esi
769 1112 942 1197 Sophocles.
1011 1158 1015 1176 .

216 1217 283 1282 Ibd.
300 1220 392 1282 1317:
420 1219 463 1285 Τι’
476 1209 559 1304 φήςς
582 1220 616 1284 τί
627 1219 765 1304 πνεῦμα
779 1217 957 1303 συμφορᾶς
969 1220 1175 1303 κεκτημένης

116 1324 208 1406 Apud
245 1342 302 1389 nos
334 1324 372 1388 id
402 1343 542 1390 sermone
578 1325 754 1408 quotidiano
790 1325 830 1389 ad
865 1323 1013 1390 eomieam
1045 1323 1176 1389 formam

115 1429 279 1495 inclinanti
308 1430 370 1494 seio
391 1428 453 1495 diei
473 1449 579 1498 auram
597 1431 723 1498 alieuius
747 1433 792 1498 rei
815 1431 934 1506 habere,
958 1431 993 1494 ut
1013 1429 1056 1494 sii
1075 1428 1177 1511 suspi-

116 1538 187 1613 cati,
211 1555 268 1600 nea
288 1540 394 1601 tamen
414 1537 502 1602 facile
529 1535 566 1600 de
594 1556 628 1603 re
648 1537 799 1614 timenda;
831 1538 970 1624 πνεῦμα
999 1536 1177 1620 συμφορᾶς

117 1641 223 1708 sraece
246 1660 265 1707 a
286 1643 405 1727 tragico
427 1644 471 1708 sie
493 1642 551 1706 diei
572 1662 661 1725 posse
682 1662 760 1728 nego
784 1644 960 1727 seriboque:

315 1749 348 1812 τί
373 1749 496 1832 δεῖμα
520 1749 699 1836 συμφορᾶς
719 1753 926 1836 κεκτημένης
1066 1743 1069 1753 ’

216 1854 284 1920 Ibd.
310 1854 391 1917 1393
413 1855 462 1932 (de
484 1863 587 1935 nave):

299 1953 411 2046 λάβρῳ
436 1955 576 2027 κλύδωνι
601 1954 809 2047 οκηκοιοοοῦο’
831 1953 990 2046 η’νιείγοκο

115 2067 183 2131 Ηοο
207 2066 286 2130 nihil
308 2066 392 2130 aliud
419 2068 574 2151 signifieat
603 2069 661 2134 nisi
689 2089 799 2134 navem
827 2067 955 2132 incitate
990 2082 1080 2130 eumn
1104 2080 1174 2144 pro-

114 2174 250 2246 vectam,
279 2172 449 2254 quodcum
470 2193 594 2256 prorsns
616 2178 719 2240 sonim
746 2175 787 2239 sit
808 2171 1031 2257 significarique
1054 2166 1171 2238 debead,

113 2278 412 2360 navemproeedere
433 2297 492 2344 nen
513 2281 665 2362 potuisse,
691 2279 884 2345 scribendum
907 2279 954 2343 esd
976 2276 1174 2360 ἐπείχετο.

216 2384 280 2448 ibd.
308 2386 386 2447 1418
409 2385 459 2463 (de
484 2386 671 2470 Iphigenia):

608 2488 632 2577 ἢ
653 2486 759 2577 φόνον
781 2486 842 2557 τόν
864 2485 986 2558 Αὐλίδι

249 2590 512 2679 οἷμνημόνεοτον
537 2601 603 2683 θεᾷ
625 2592 786 2681 προδούο’
807 2593 989 2664 οἶλίοκετοι.

111 2702 203 2776 Mire,
228 2722 295 2785 quae
317 2721 333 2766 ο
349 2703 431 2768 eaede
449 2723 481 2768 se
494 2707 630 2789 ereptam
646 2725 706 2771 non
722 2706 906 2783 meminerit,
928 2705 1037 2770 dieitur
1058 2701 1171 2767 eaedem

111 2809 215 2890 (quasi
247 2810 328 2878 facta
361 2811 414 2888 sit)
447 2811 594 2876 memoria
627 2811 762 2893 elapsam
795 2810 920 2892 prodere
953 2831 1008 2875 nee
1042 2827 1171 2874 servare.

109 2913 182 2979 Non
206 2915 306 2992 caedis,
328 2915 380 2980 sed
402 2917 507 2980 Dianae
528 2918 560 2980 in
583 2917 663 2981 caede
693 2917 858 2982 avertenda
878 2936 975 2999 operae
996 2914 1172 2980 meminisse

111 3021 274 3104 iphigenia
301 3021 431 3086 debebat
453 3024 672 3105 aecusaiurque
692 3024 772 3105 quod
794 3043 862 3088 eam
883 3024 984 3087 anime
1006 3019 1170 3086 dimiserit:

314 3123 337 3211 ἢ
361 3119 492 3192 πόνον
513 3124 576 3193 τόν
599 3122 723 3195 Αὐλίδι
748 3157 775 3195 κ.
798 3155 827 3195 κ.
851 3133 880 3194 λ.

214 3233 299 3298 lenis
324 3254 354 3297 v.
376 3237 445 3312 aas,
470 3237 543 3298 aee:

197 3341 266 3405 [Ω.
292 3343 373 3424 τιμᾷ
397 3367 458 3424 οφο1
484 3344 611 3424 Φοῖβος
633 3335 805 3424 ein-apansa!
828 3369 863 3406 aa
887 3334 1042 3418 Πύθιαις

197 3447 273 3510 ΚΡ.
297 3448 377 3530 τιμᾷ
400 3448 497 3530 τιμᾷ·
523 3443 567 3521 ὥς
587 3442 723 3532 μήποτε
749 3447 879 3532 ὤφελον
904 3444 957 3531 σφ’
980 3449 1076 3513 ἰδεῖν.

212 3553 343 3616 Versum
365 3554 498 3619 fractum
520 3555 646 3619 Bothins
671 3556 786 3621 adiuvit
808 3557 889 3639 sappi
912 3549 942 3641 γ’
965 3549 1066 3639 ἄτιμ’,
1089 3557 1169 3638 quod

107 3657 145 3719 ui
167 3657 353 3724 sententiam
382 3679 499 3745 quoque
526 3664 642 3725 rectam
665 3662 791 3736 efficiat,
826 3659 931 3742 ἄτιμα
954 3682 1006 3746 pro
1027 3666 1169 3741 adverbio

106 3761 324 3845 accipiendum
353 3769 401 3830 est
433 3768 524 3842 (male
546 3768 688 3845 honorat,
724 3769 756 3833 id
789 3773 845 3846 est,
878 3769 1021 3839 infamem
1055 3778 1168 3841 scelere

106 3868 232 3944 reddit).
279 3870 384 3952 ltaque
406 3873 508 3953 petius
530 3875 720 3940 scribendum
744 3873 875 3939 videtur:

248 3978 329 4058 τιμᾷ
355 3971 385 4062 γ’
407 3971 577 4060 οἷοίμως·
602 3976 734 4063 μήκοτε
759 3976 888 4063 ὤφελον
912 3978 965 4065 σφ’
988 3989 1080 4056 ἰδεῖν.
1210 4050 1216 4069 ,.
