2580 4530
431 399 497 471 Ill.
545 396 652 470 Index
679 393 815 472 (lraeous
823 400 857 493 ¹).

113 578 274 651 Ἀμεινίαι,
293 600 342 646 rw,
362 583 423 637 692.

114 669 206 743 ἄγχειν
225 673 257 726 de
275 672 343 727 collo
359 671 615 742 05101516160685.

113 764 187 836 ἀγὼν
205 770 280 821 θεῶν
298 768 359 822 197.
640 780 643 834 l

112 855 234 923 ἄδουλος
250 861 311 916 580.

113 952 208 1021 ἁδρός,
226 972 334 1020 νσσφιιιι,
350 956 494 1019 praecipuus.
515 953 574 1006 130.

1 1086 3 1094 ι
112 1043 182 1116 ἄημι
200 1046 281 1115 apud.
300 1044 391 1115 Apoll.
409 1042 494 1099 Rhod.
514 1045 573 1100 284,

113 1135 259 1208 &boumn
276 1142 338 1196 263.

112 1232 322 1302 αλσχάνσμαλπι
340 1236 429 1287 ποιεῖν
447 1249 474 1283 ει
492 1232 553 1287 236.

112 1323 272 1395 luentium.
308 1324 398 1392 potius
426 1339 506 1392 quam
542 1317 615 1390 ἄκρα

181 1420 270 1487 τίμιος
288 1420 350 1473 299.

111 1508 184 1575 ἀλαι,
203 1513 296 1574 salina,
318 1512 377 1567 138.

111 1601 279 1674 6166567.

111 1696 271 1763 ἀλλοδοξεῑν
289 1698 348 1752 591.

110 1788 302 1860 ἀμφιγνισμεῖν
320 1792 362 1844 30.

108 1881 280 1954 Ἀμφότερος
291 1897 388 1937 nomen
403 1879 539 1950 proprium
552 1878 612 1931 126.

109 1973 278 2047 ἀμωσγέπως
296 1978 354 2039 522,
374 1976 433 2031 616.

110 2067 145 2127 ἄν
163 2071 290 2125 omissum
308 2068 464 2123 additumvo
487 2066 548 2134 post
559 2063 612 2130 μιλ-

182 2169 267 2224 λιστα,
300 2159 397 2232 ἥκιστα
419 2161 468 2223 41,
498 2159 528 2213 in
559 2156 612 2210 fine

178 2271 302 2311 versuum
336 2271 386 2309 om.
419 2254 489 2321 1723
533 2265 612 2319 prave

179 2349 315 2409 omissum,
326 2347 439 2401 maxime
446 2342 518 2414 apud
526 2345 612 2412 optab

179 2444 289 2510 potent„
309 2442 368 2500 246,
392 2440 452 2499 299,
471 2438 531 2496 405,
552 2438 610 2496 407.

179 2538 238 2595 599,
254 2537 313 2597 603,
327 2535 386 2593 617,
402 2533 462 2593 675,
479 2531 538 2587 680.
551 2532 610 2592 685,

178 2630 207 2683 in
220 2629 292 2682 certo
304 2641 402 2694 genere
415 2625 530 2677 sentent.
543 2623 612 2675 rela-

177 2721 293 2775 tivarum
307 2721 357 2774 189
368 2735 434 2786 sqq.‚
454 2715 526 2786 apud
535 2715 610 2769 infin.

176 2815 268 2868 aorist.
282 2815 341 2875 159,
356 2814 407 2867 174
418 2828 457 2873 5.,
471 2812 530 2872 501,
550 2812 611 2872 502,

176 2906 246 2976 apud
257 2906 451 2976 particip.553‚
472 2905 531 2967 608,
550 2905 611 2970 post

176 3021 208 3055 σν
227 2998 360 3070 syllabam
378 2999 439 3061 403,
465 2999 523 3057 603,
544 2998 609 3061 702;

177 3092 302 3146 soloecum
315 3091 386 3162 apud
395 3090 516 3144 futurum
528 3089 607 3142 indic.

174 3189 201 3240 et
226 3186 310 3254 optat.
329 3184 389 3246 435,
420 3182 490 3252 apud
513 3183 607 3252 partic.

173 3278 225 3333 fut.
252 3281 304 3351 463
331 3294 357 3329 n.
405 3275 606 3344 Transpositum

174 3372 236 3442 (οὐκ
247 3367 282 3425 ἀν
292 3366 345 3424 οἷδ’
368 3370 394 3422 εἰ
410 3371 437 3422 eb
450 3369 521 3433 sim.)
542 3372 605 3435 1913

175 3465 209 3521 ἀν
241 3466 311 3532 φαίη
341 3483 382 3525 τις
413 3464 476 3528 642;
512 3461 540 3515 in
569 3455 605 3517 αὗ

172 3559 324 3626 corruptum
342 3557 401 3612 345.
631 3594 634 3628 ι

104 3744 302 3754 ——--—---·

675 575 710 632 ἀν
729 575 803 648 (χᾶν)
821 583 881 642 400,
900 584 960 637 434.

674 669 799 740 ἀναιρεῖν
817 673 883 736 τοὺς
900 675 1003 742 νόμους
1021 679 1083 732 677.

674 763 885 823 ἀνακόπτεσθαι
898 767 930 823 de
943 767 1099 823 fluminibus
1119 773 1184 829 624.

674 858 828 928 ἀνάλγητος
846 859 959 923 πάθους
977 865 1020 918 53.

674 950 876 1007 ἀναλίσκεσθαι
895 953 971 1027 κόπῳ
989 957 1050 1012 330.

673 1038 892 1115 ἀναμιμνήσκειν
900 1048 1183 1119 5115515505366460.

674 1137 828 1209 ἀνανήφειν
847 1141 906 1196 503.

674 1229 873 1286 ἀναπαύεσθαι
883 1251 963 1303 prave
973 1251 1021 1303 pro
1033 1237 1184 1292 παύεσθαι

742 1327 803 1381 349.

673 1417 810 1482 ἀνασπᾶν,
830 1423 964 1489 effrinqere,
984 1424 1044 1477 610.

673 1510 803 1579 ἀνείλιξις
820 1515 882 1570 387.

672 1603 785 1662 ἀνετέον
803 1608 864 1662 376.

671 1698 930 1768 ἀνθομολογεῖσθαι
948 1701 1009 1757 686.

671 1791 856 1860 ἀνομαλλζειν,
877 1811 981 1859 oequare,
999 1795 1062 1850 464.

671 1883 846 1957 ἀντιβλέπειν
864 1886 924 1941 248.

671 1975 904 2035 ἀντιδιαστέλλων
922 1979 983 2036 556.

671 2069 828 2137 ἀντιδοξεῖν
842 2073 886 2127 28.

672 2162 841 2232 ἀντιμὲλλειν
861 2163 970 2218 verbum
984 2162 1078 2217 fictum
1095 2166 1161 2221 314.

671 2255 729 2311 ἄνω
749 2254 807 2322 (τὰ)
831 2255 863 2310 de
881 2255 1008 2309 membris
1025 2257 1078 2312 435
1095 2273 1123 2312 n.

672 2349 794 2405 ἀπαθεῖν
814 2350 893 2404 31ου

672 2441 758 2504 ἀπαις
781 2439 873 2512 ἡλικία
891 2441 952 2496 447.

672 2531 798 2603 ἀπαρχσν
812 2539 901 2589 ποιεῖν
913 2534 973 2588 588.

670 2625 842 2696 ἀπανγάζειν
860 2628 920 2685 292.

671 2718 794 2775 ἀπειλεῖν
812 2737 860 2789 pro
880 2716 1044 2772 ἀπελαύνειν
1063 2718 1124 2770 712.

669 2812 810 2882 ἀπέχομαι
819 2812 852 2868 τὸ
866 2817 957 2866 ποιεῖν
968 2809 1080 2877 improb.
1088 2811 1141 2865 357
1149 2827 1177 2864 n.

670 2906 817 2976 ἁπλοήθης
837 2907 896 2961 336.

669 2999 858 3054 ἀπονοεῖσθαί
875 3018 950 3058 τινος
968 2998 1028 3051 352.

669 3091 845 3161 ἀρισταρχεῖν
865 3091 956 3144 fictum
975 3089 1018 3143 34.

669 3185 826 3254 ἀρξάμενος
845 3181 903 3238 α’πό
923 3202 997 3243 τινος
1014 3181 1074 3235 352.

668 3276 727 3352 ᾇσω
739 3278 862 3331 futurum
868 3276 937 3329 male
943 3274 1080 3327 defensum
1086 3273 1168 3328 43911.

668 3369 797 3435 ἄτακτος,
817 3369 869 3435 ἔξω
888 3367 1000 3433 τάξεως,
1020 3369 1080 3422 513.

667 3461 773 3526 ἄτοπος
792 3463 824 3517 de
843 3460 1013 3532 improsperis
1032 3461 1091 3515 711.

666 3553 736 3626 ἀῦτη
758 3559 819 3614 278.

134 3887 155 3953 ¹)
174 3885 311 3939 Vocabula
331 3886 364 3938 ob
386 3884 592 3940 similitudinem
612 3883 728 3936 intereo
752 3883 933 3942 commutata,
952 3877 1073 3947 quaedam
1092 3876 1168 3929 nota-

173 3955 277 4018 biliter,
300 3956 438 4010 infinitum
459 3960 487 4009 et
505 3970 598 4025 parum
610 3953 678 4007 utile
690 3953 748 4005 erat
760 3950 878 4006 indicare
889 3967 897 4020 3
915 3950 1006 4017 itaque
1019 3951 1107 4001 totum
1120 3946 1170 3999 hoc

171 4026 298 4080 omissum
321 4029 368 4079 est.
