2580 4530
535 257 596 313 Lib.
616 258 655 315 11.
1027 259 1087 322 301

62 450 163 516 inutili
186 453 221 516 et
241 470 368 534 prorsus
394 471 488 536 prere
513 451 679 535 particula,
711 456 743 541 et
774 455 807 519 in
835 454 941 520 eodem
962 469 1052 522 versu
1075 474 1129 542 op·

63 557 178 623 tetims
193 557 295 624 nudus
315 575 438 641 prorsus
460 557 581 623 diverse
602 558 822 643 significatione
837 561 969 644 ponitur.
1008 562 1129 669 (11.162

63 664 145 729 reete
180 682 198 728 1
220 663 347 729 Iuntina
367 663 538 728 Brunekius
566 666 598 729 et
622 664 777 750 Zieglerus
798 658 982 752 βούλοιντό
1009 695 1052 736 κε
1073 688 1128 753 pro

62 775 93 854 β.
116 777 180 857 γε.)
224 770 334 854 Neque
358 769 583 854 transponendo
604 771 869 869 audacterneque
889 774 1039 841 violenter
1058 795 1128 841 mu·
1233 798 1235 802 ⁴

63 877 166 956 teudo,
189 877 245 944 sed
266 876 358 942 unius
378 875 490 941 litterae
507 866 681 944 mutatione
712 877 824 944 vitium
846 878 990 946 orationis
1014 883 1128 965 partim

62 1003 129 1049 omn
165 984 239 1051 aliis
270 982 354 1049 vitiis
390 984 584 1048 coniunctum
614 1003 653 1051 ex
687 983 735 1049 his
771 984 846 1051 locis
881 985 1037 1052 sublatum
1070 991 1126 1066 est.

61 1089 194 1154 Restant
229 1080 301 1154 (tuo
330 1088 474 1155 carminis
509 1088 633 1155 secundi
669 1108 775 1154 versus
809 1091 882 1166 (124
910 1092 942 1156 et
979 1093 1059 1171 126),
1093 1094 1127 1158 in

62 1213 191 1276 quorum
220 1194 321 1276 priore
348 1198 384 1261 κε’
410 1195 517 1261 vitiose
543 1197 679 1288 ponitur,
708 1195 740 1259 in
767 1196 1014 1287 alterolvitium,
1045 1199 1126 1284 quod

62 1298 157 1364 rideri
180 1300 281 1382 possit
305 1300 338 1365 in
369 1303 405 1366 κέ
425 1321 503 1381 esse,
525 1298 597 1366 alibi
619 1302 704 1366 latet.
758 1302 840 1367 Nem
862 1322 890 1368 r.
916 1303 976 1367 124
998 1294 1066 1384 (toi
1085 1299 1125 1391 ⁴o’

62 1408 90 1470 εἰ
115 1412 185 1489 μέν
217 1399 247 1469 κ’
270 1406 444 1499 ἐᾷἐχεσθ1,’
472 1401 545 1474 τάδ’
584 1399 626 1493 ἧς
656 1407 765 1492 φίλα),
799 1427 890 1491 quem
922 1410 973 1474 vel
1006 1394 1126 1494 positus

60 1512 249 1594 pronominis
269 1513 414 1580 vitiosum
438 1531 505 1581 esse
527 1516 644 1600 arguit,
674 1517 707 1579 εἴ
732 1539 768 1580 κε
802 1514 852 1598 (π
879 1510 953 1597 ἐάν)
982 1516 1126 1601 timeor

60 1618 251 1703 significaret
283 1619 317 1685 si
348 1621 596 1704 receperitis,
633 1625 664 1686 ei
700 1614 728 1685 κ’
766 1620 920 1706 {tergeatis
953 1622 1030 1693 nihil
1062 1625 1126 1701 est;

61 1726 135 1808 quod
151 1724 309 1791 sententie
323 1727 459 1810 requirit,
476 1728 520 1792 sie
535 1727 659 1793 dieitur:
684 1729 742 1798 nai
760 1730 799 1792 εἴ
818 1730 883 1812 μὲν
905 1721 942 1810 μ’
958 1729 1123 1815 ἑδέχεσθε.

60 1832 189 1898 videtur
226 1833 376 1916 scriptum
415 1833 525 1900 fuisse:
565 1833 621 1900 καί
661 1827 689 1921 ῥ’
724 1839 754 1900 εἰ
784 1839 851 1918 μὲν
884 1828 922 1919 μ’
958 1834 1123 1922 ἐδέχεσθε.

60 1937 92 2001 V.
115 1940 224 2003 autem
249 1939 309 2001 126
333 1940 369 2005 κέ
388 1943 472 2006 reete
493 1941 596 2020 habet,
619 1942 673 2006 sed
692 1946 722 2007 rt
743 1940 848 2007 addito
859 1959 983 2023 prorsus
1004 1942 1124 2008 tollitur

60 2045 229 2119 sententia3
259 2064 357 2130 neque
388 2046 471 2113 enim
498 2045 634 2112 condicio
661 2048 795 2130 ponitur,
823 2047 878 2112 sed
902 2045 1021 2122 dicitur,
1051 2048 1124 2130 quid

59 2149 183 2225 iuvenis,
208 2151 237 2216 si
261 2154 402 2237 receptus
423 2152 533 2219 fuisset
554 2158 633 2236 (quae
665 2153 799 2219 condicio
823 2152 1029 2239 superioribus
1050 2173 1127 2219 oon·

60 2257 191 2337 tuetur),
214 2258 355 2324 fecturus
376 2258 482 2324 fuerit:
709 2254 712 2259 “

100 2352 203 2430 εὗδον
226 2357 256 2429 τ’
279 2358 302 2449 ἦ
325 2388 361 2428 ue
381 2359 494 2449 μόνον
517 2367 555 2431 τό
582 2361 687 2432 καλὸν
710 2361 819 2452 στόμα
844 2364 1100 2450 11ὐςέφίλήσα,

59 2474 93 2535 et
114 2472 351 2536 dormissem
372 2476 437 2538 eut
458 2475 605 2538 tantum
627 2475 823 2540 osculatus
845 2493 978 2542 essem.
