<?xml version="1.0" encoding="UTF-8"?>
<!DOCTYPE html PUBLIC "-//W3C//DTD XHTML 1.0 Transitional//EN"
    "http://www.w3.org/TR/xhtml1/DTD/xhtml1-transitional.dtd">
<html xmlns="http://www.w3.org/1999/xhtml" xml:lang="en" lang="en">
 <head>
  <title>
</title>
<meta http-equiv="Content-Type" content="text/html;charset=utf-8" />
  <meta name='ocr-system' content='tesseract 3.04.00' />
  <meta name='ocr-capabilities' content='ocr_page ocr_carea ocr_par ocr_line ocrx_word'/>
</head>
<body>
  <div class='ocr_page' id='page_1' title='image "./adversariacriti00madvgoog_0442.png"; bbox 0 0 2580 4530; ppageno 0'>
   <div class='ocr_carea' id='block_1_1' title="bbox 573 248 1131 324">
    <p class='ocr_par' dir='ltr' id='par_1_1' title="bbox 573 248 1131 324">
     <span class='ocr_line' id='line_1_1' title="bbox 573 248 1131 324; baseline 0.007 -14"><span class='ocrx_word' id='word_1_1' title='bbox 573 254 705 316; x_wconf 78' lang='lat' dir='ltr'><strong>uum</strong></span> <span class='ocrx_word' id='word_1_2' title='bbox 1067 248 1131 324; x_wconf 72' lang='lat' dir='ltr'><strong><em>loo</em></strong></span> 
     </span>
    </p>
   </div>
   <div class='ocr_carea' id='block_1_2' title="bbox 105 449 1205 3730">
    <p class='ocr_par' dir='ltr' id='par_1_2' title="bbox 107 449 1172 1713">
     <span class='ocr_line' id='line_1_2' title="bbox 111 449 1166 545; baseline 0.002 -20"><span class='ocrx_word' id='word_1_3' title='bbox 111 459 183 545; x_wconf 75' lang='grc' dir='ltr'><strong><em>δίος</em></strong></span> <span class='ocrx_word' id='word_1_4' title='bbox 202 484 242 524; x_wconf 90' lang='grc' dir='ltr'><strong><em>τε</em></strong></span> <span class='ocrx_word' id='word_1_5' title='bbox 266 459 320 523; x_wconf 75' lang='grc' dir='ltr'><strong><em>καί</em></strong></span> <span class='ocrx_word' id='word_1_6' title='bbox 344 449 458 530; x_wconf 73' lang='grc' dir='ltr'><strong><em>αἰδοία,</em></strong></span> <span class='ocrx_word' id='word_1_7' title='bbox 484 450 587 527; x_wconf 71' lang='grc' dir='ltr'><strong><em>αἰδοία</em></strong></span> <span class='ocrx_word' id='word_1_8' title='bbox 614 458 680 541; x_wconf 74' lang='grc' dir='ltr'><strong><em>μὲν</em></strong></span> <span class='ocrx_word' id='word_1_9' title='bbox 708 451 752 529; x_wconf 69' lang='grc' dir='ltr'><strong><em>οἷς</em></strong></span> <span class='ocrx_word' id='word_1_10' title='bbox 775 461 904 544; x_wconf 78' lang='grc' dir='ltr'><strong><em>γονέων</em></strong></span> <span class='ocrx_word' id='word_1_11' title='bbox 916 452 966 543; x_wconf 77' lang='grc' dir='ltr'><strong><em>μη“</em></strong></span> <span class='ocrx_word' id='word_1_12' title='bbox 992 453 1166 537; x_wconf 78' lang='grc' dir='ltr'><strong><em>ἅπτεσθαι</em></strong></span> 
     </span>
     <span class='ocr_line' id='line_1_3' title="bbox 110 554 1170 654; baseline 0.001 -21"><span class='ocrx_word' id='word_1_13' title='bbox 110 568 284 652; x_wconf 73' lang='grc' dir='ltr'><strong><em>εἴργουσα,</em></strong></span> <span class='ocrx_word' id='word_1_14' title='bbox 308 562 381 635; x_wconf 73' lang='lat' dir='ltr'><strong>dioc</strong></span> <span class='ocrx_word' id='word_1_15' title='bbox 399 561 438 627; x_wconf 80' lang='grc' dir='ltr'><strong><em>δὲ</em></strong></span> <span class='ocrx_word' id='word_1_16' title='bbox 460 554 498 626; x_wconf 86' lang='grc' dir='ltr'><strong><em>τό</em></strong></span> <span class='ocrx_word' id='word_1_17' title='bbox 520 562 571 648; x_wconf 77' lang='grc' dir='ltr'><strong><em>τῷ</em></strong></span> <span class='ocrx_word' id='word_1_18' title='bbox 588 554 752 649; x_wconf 86' lang='grc' dir='ltr'><strong><em>παίσχοντι</em></strong></span> <span class='ocrx_word' id='word_1_19' title='bbox 769 558 851 637; x_wconf 77' lang='grc' dir='ltr'><strong><em>τοῦς</em></strong></span> <span class='ocrx_word' id='word_1_20' title='bbox 866 561 990 638; x_wconf 72' lang='grc' dir='ltr'><strong><em>ἄλλους</em></strong></span> <span class='ocrx_word' id='word_1_21' title='bbox 1009 568 1170 654; x_wconf 77' lang='grc' dir='ltr'><strong><em>βοηθεῖν.</em></strong></span> 
     </span>
     <span class='ocr_line' id='line_1_4' title="bbox 109 654 1170 756; baseline -0.001 -17"><span class='ocrx_word' id='word_1_22' title='bbox 109 672 225 738; x_wconf 67' lang='lat' dir='ltr'><strong>serim:</strong></span> <span class='ocrx_word' id='word_1_23' title='bbox 249 670 323 744; x_wconf 79' lang='grc' dir='ltr'><strong><em>διὀς</em></strong></span> <span class='ocrx_word' id='word_1_24' title='bbox 345 669 379 736; x_wconf 81' lang='grc' dir='ltr'><strong><em>δὲ·</em></strong></span> <span class='ocrx_word' id='word_1_25' title='bbox 411 669 485 734; x_wconf 88' lang='grc' dir='ltr'><strong><em>τοῦ</em></strong></span> <span class='ocrx_word' id='word_1_26' title='bbox 513 667 559 754; x_wconf 74' lang='grc' dir='ltr'><strong><em>τῷ</em></strong></span> <span class='ocrx_word' id='word_1_27' title='bbox 592 668 732 742; x_wconf 52' lang='grc' dir='ltr'><strong><em>πηούς</em></strong></span> <span class='ocrx_word' id='word_1_28' title='bbox 752 665 875 744; x_wconf 78' lang='grc' dir='ltr'><strong><em>ἄλλους</em></strong></span> <span class='ocrx_word' id='word_1_29' title='bbox 891 654 1053 756; x_wconf 67' lang='grc' dir='ltr'><strong><em>βοηθεῖν,</em></strong></span> <span class='ocrx_word' id='word_1_30' title='bbox 1076 672 1170 738; x_wconf 81' lang='lat' dir='ltr'><strong>timor</strong></span> 
     </span>
     <span class='ocr_line' id='line_1_5' title="bbox 108 773 1164 853; baseline -0.001 -8"><span class='ocrx_word' id='word_1_31' title='bbox 108 798 145 845; x_wconf 88' lang='lat' dir='ltr'><strong>ue</strong></span> <span class='ocrx_word' id='word_1_32' title='bbox 190 778 250 842; x_wconf 84' lang='lat' dir='ltr'><strong><em>oet.</em></strong></span> <span class='ocrx_word' id='word_1_33' title='bbox 295 775 348 853; x_wconf 88' lang='lat' dir='ltr'><strong><em>(ad</em></strong></span> <span class='ocrx_word' id='word_1_34' title='bbox 384 774 524 842; x_wconf 77' lang='lat' dir='ltr'><strong>Graeoam</strong></span> <span class='ocrx_word' id='word_1_35' title='bbox 555 773 702 839; x_wconf 85' lang='lat' dir='ltr'><strong>formam:</strong></span> <span class='ocrx_word' id='word_1_36' title='bbox 746 775 840 842; x_wconf 88' lang='lat' dir='ltr'><strong>timor</strong></span> <span class='ocrx_word' id='word_1_37' title='bbox 874 777 978 844; x_wconf 80' lang='lat' dir='ltr'><strong>auxilii</strong></span> <span class='ocrx_word' id='word_1_38' title='bbox 1012 779 1051 844; x_wconf 89' lang='lat' dir='ltr'><strong><em>ab</em></strong></span> <span class='ocrx_word' id='word_1_39' title='bbox 1094 777 1164 844; x_wconf 83' lang='lat' dir='ltr'><strong>aliia</strong></span> 
     </span>
     <span class='ocr_line' id='line_1_6' title="bbox 108 882 901 962; baseline 0.004 -12"><span class='ocrx_word' id='word_1_40' title='bbox 108 882 283 962; x_wconf 50' lang='grc' dir='ltr'><strong><em>ἱστορῶν).</em></strong></span> <span class='ocrx_word' id='word_1_41' title='bbox 892 940 901 953; x_wconf 78' lang='grc'><strong><em>,</em></strong></span> 
     </span>
     <span class='ocr_line' id='line_1_7' title="bbox 209 977 1169 1075; baseline 0.001 -23"><span class='ocrx_word' id='word_1_42' title='bbox 209 989 278 1054; x_wconf 92' lang='lat' dir='ltr'><strong><em>Ibd.</em></strong></span> <span class='ocrx_word' id='word_1_43' title='bbox 299 1007 329 1070; x_wconf 90' lang='lat' dir='ltr'><strong><em>p.</em></strong></span> <span class='ocrx_word' id='word_1_44' title='bbox 351 986 413 1049; x_wconf 87' lang='grc'><strong><em>466</em></strong></span> <span class='ocrx_word' id='word_1_45' title='bbox 425 986 468 1049; x_wconf 84' lang='lat' dir='ltr'><strong><em>A:</em></strong></span> <span class='ocrx_word' id='word_1_46' title='bbox 490 977 590 1069; x_wconf 74' lang='grc' dir='ltr'><strong><em>ἡμεῖς</em></strong></span> <span class='ocrx_word' id='word_1_47' title='bbox 603 984 638 1051; x_wconf 83' lang='grc' dir='ltr'><strong><em>δέ</em></strong></span> <span class='ocrx_word' id='word_1_48' title='bbox 649 1010 719 1051; x_wconf 90' lang='grc' dir='ltr'><strong><em>που</em></strong></span> <span class='ocrx_word' id='word_1_49' title='bbox 736 988 893 1068; x_wconf 86' lang='grc' dir='ltr'><strong><em>εἴπομεν,</em></strong></span> <span class='ocrx_word' id='word_1_50' title='bbox 915 983 968 1054; x_wconf 85' lang='grc' dir='ltr'><strong><em>ὅτι</em></strong></span> <span class='ocrx_word' id='word_1_51' title='bbox 982 989 1169 1075; x_wconf 78' lang='grc' dir='ltr'><strong><em>τοῦτομὲν.</em></strong></span> 
     </span>
     <span class='ocr_line' id='line_1_8' title="bbox 108 1077 1167 1178; baseline 0 -15"><span class='ocrx_word' id='word_1_52' title='bbox 108 1100 140 1163; x_wconf 78' lang='grc' dir='ltr'><strong><em>εἴ</em></strong></span> <span class='ocrx_word' id='word_1_53' title='bbox 158 1119 231 1162; x_wconf 92' lang='grc' dir='ltr'><strong><em>που</em></strong></span> <span class='ocrx_word' id='word_1_54' title='bbox 253 1093 483 1178; x_wconf 74' lang='grc' dir='ltr'><strong><em>παραπίπτοι,</em></strong></span> <span class='ocrx_word' id='word_1_55' title='bbox 505 1093 664 1165; x_wconf 77' lang='grc' dir='ltr'><strong><em>εἰσαῦθις</em></strong></span> <span class='ocrx_word' id='word_1_56' title='bbox 694 1077 911 1177; x_wconf 73' lang='grc' dir='ltr'><strong><em>οκείμόμεθα,</em></strong></span> <span class='ocrx_word' id='word_1_57' title='bbox 943 1096 1008 1161; x_wconf 89' lang='grc' dir='ltr'><strong><em>νῦν</em></strong></span> <span class='ocrx_word' id='word_1_58' title='bbox 1030 1095 1064 1162; x_wconf 79' lang='grc' dir='ltr'><strong><em>δὲ</em></strong></span> <span class='ocrx_word' id='word_1_59' title='bbox 1085 1091 1167 1169; x_wconf 76' lang='grc' dir='ltr'><strong><em>τοῦς</em></strong></span> 
     </span>
     <span class='ocr_line' id='line_1_9' title="bbox 107 1191 1172 1290; baseline -0.003 -22"><span class='ocrx_word' id='word_1_60' title='bbox 107 1205 173 1290; x_wconf 73' lang='grc' dir='ltr'><strong><em>μὲν</em></strong></span> <span class='ocrx_word' id='word_1_61' title='bbox 197 1195 351 1285; x_wconf 75' lang='grc' dir='ltr'><strong><em>φύλακας</em></strong></span> <span class='ocrx_word' id='word_1_62' title='bbox 373 1191 527 1283; x_wconf 76' lang='grc' dir='ltr'><strong><em>φύλακας</em></strong></span> <span class='ocrx_word' id='word_1_63' title='bbox 555 1198 739 1283; x_wconf 74' lang='grc' dir='ltr'><strong><em>ποιοῦμεν,</em></strong></span> <span class='ocrx_word' id='word_1_64' title='bbox 775 1193 841 1284; x_wconf 77' lang='grc' dir='ltr'><strong><em>τήν</em></strong></span> <span class='ocrx_word' id='word_1_65' title='bbox 863 1199 896 1266; x_wconf 78' lang='grc' dir='ltr'><strong><em>δὲ</em></strong></span> <span class='ocrx_word' id='word_1_66' title='bbox 919 1194 1020 1267; x_wconf 80' lang='grc' dir='ltr'><strong><em>πόλιν</em></strong></span> <span class='ocrx_word' id='word_1_67' title='bbox 1043 1194 1086 1274; x_wconf 68' lang='grc' dir='ltr'><strong><em>οἷς</em></strong></span> <span class='ocrx_word' id='word_1_68' title='bbox 1105 1198 1172 1267; x_wconf 76' lang='grc' dir='ltr'><strong><em>οἷοί</em></strong></span> 
     </span>
     <span class='ocr_line' id='line_1_10' title="bbox 107 1297 1170 1392; baseline -0.004 -16"><span class='ocrx_word' id='word_1_69' title='bbox 107 1337 144 1376; x_wconf 91' lang='grc' dir='ltr'><strong><em>τε</em></strong></span> <span class='ocrx_word' id='word_1_70' title='bbox 166 1307 267 1392; x_wconf 80' lang='grc' dir='ltr'><strong><em>εἶμεν</em></strong></span> <span class='ocrx_word' id='word_1_71' title='bbox 288 1297 618 1391; x_wconf 78' lang='grc' dir='ltr'><strong><em>εὐδαιμονεστάτην,</em></strong></span> <span class='ocrx_word' id='word_1_72' title='bbox 647 1299 720 1371; x_wconf 74' lang='lat' dir='ltr'><strong>‹lll’</strong></span> <span class='ocrx_word' id='word_1_73' title='bbox 747 1299 808 1372; x_wconf 75' lang='grc' dir='ltr'><strong><em>οῦκ</em></strong></span> <span class='ocrx_word' id='word_1_74' title='bbox 843 1354 883 1372; x_wconf 82' lang='grc'><strong><em>..</em></strong></span> <span class='ocrx_word' id='word_1_75' title='bbox 908 1356 915 1373; x_wconf 90' lang='grc'><strong>.</strong></span> <span class='ocrx_word' id='word_1_76' title='bbox 948 1298 1170 1392; x_wconf 81' lang='grc' dir='ltr'><strong><em>πλοίττοιμεν.</em></strong></span> 
     </span>
     <span class='ocr_line' id='line_1_11' title="bbox 108 1407 1170 1499; baseline -0.002 -17"><span class='ocrx_word' id='word_1_77' title='bbox 108 1419 148 1483; x_wconf 77' lang='lat' dir='ltr'><strong>m</strong></span> <span class='ocrx_word' id='word_1_78' title='bbox 170 1407 382 1496; x_wconf 80' lang='grc' dir='ltr'><strong><em>πλοίττοιμεν</em></strong></span> <span class='ocrx_word' id='word_1_79' title='bbox 414 1431 484 1478; x_wconf 78' lang='lat' dir='ltr'><strong>eum</strong></span> <span class='ocrx_word' id='word_1_80' title='bbox 511 1407 715 1495; x_wconf 80' lang='grc' dir='ltr'><strong><em>σκεψόμεθα</em></strong></span> <span class='ocrx_word' id='word_1_81' title='bbox 738 1414 771 1478; x_wconf 78' lang='lat' dir='ltr'><strong><em>et</em></strong></span> <span class='ocrx_word' id='word_1_82' title='bbox 797 1412 968 1499; x_wconf 81' lang='grc' dir='ltr'><strong><em>ποιοῦμεν</em></strong></span> <span class='ocrx_word' id='word_1_83' title='bbox 993 1415 1170 1497; x_wconf 71' lang='lat' dir='ltr'><strong>copulatum</strong></span> 
     </span>
     <span class='ocr_line' id='line_1_12' title="bbox 109 1518 1172 1605; baseline -0.003 -16"><span class='ocrx_word' id='word_1_84' title='bbox 109 1527 139 1589; x_wconf 88' lang='lat' dir='ltr'><strong><em>et</em></strong></span> <span class='ocrx_word' id='word_1_85' title='bbox 166 1520 385 1605; x_wconf 75' lang='grc' dir='ltr'><strong><em>παραπίπτοι</em></strong></span> <span class='ocrx_word' id='word_1_86' title='bbox 417 1523 449 1586; x_wconf 84' lang='lat' dir='ltr'><strong><em>et</em></strong></span> <span class='ocrx_word' id='word_1_87' title='bbox 476 1518 573 1601; x_wconf 86' lang='grc' dir='ltr'><strong><em>εἶμεν</em></strong></span> <span class='ocrx_word' id='word_1_88' title='bbox 599 1518 638 1583; x_wconf 80' lang='lat' dir='ltr'><strong><em>iis</em></strong></span> <span class='ocrx_word' id='word_1_89' title='bbox 659 1518 822 1585; x_wconf 75' lang='lat' dir='ltr'><strong>subiuncta</strong></span> <span class='ocrx_word' id='word_1_90' title='bbox 842 1519 984 1605; x_wconf 79' lang='lat' dir='ltr'><strong>flagitant</strong></span> <span class='ocrx_word' id='word_1_91' title='bbox 1005 1522 1172 1600; x_wconf 81' lang='grc' dir='ltr'><strong><em>σκεψοί-</em></strong></span> 
     </span>
     <span class='ocr_line' id='line_1_13' title="bbox 108 1636 1119 1713; baseline -0.007 -17"><span class='ocrx_word' id='word_1_92' title='bbox 108 1637 223 1713; x_wconf 85' lang='grc' dir='ltr'><strong><em>μεθα</em></strong></span> <span class='ocrx_word' id='word_1_93' title='bbox 247 1680 252 1690; x_wconf 92' lang='grc'><strong>.</strong></span> <span class='ocrx_word' id='word_1_94' title='bbox 278 1675 286 1691; x_wconf 86' lang='grc'><strong>.</strong></span> <span class='ocrx_word' id='word_1_95' title='bbox 310 1677 316 1688; x_wconf 90' lang='grc'><strong>.</strong></span> <span class='ocrx_word' id='word_1_96' title='bbox 339 1637 547 1709; x_wconf 83' lang='grc' dir='ltr'><strong><em>ποιοῖμεν.</em></strong></span> <span class='ocrx_word' id='word_1_97' title='bbox 1109 1636 1119 1652; x_wconf 77' lang='grc'><strong><em>““</em></strong></span> 
     </span>
    </p>

    <p class='ocr_par' dir='ltr' id='par_1_3' title="bbox 107 1723 1205 2442">
     <span class='ocr_line' id='line_1_14' title="bbox 209 1723 1171 1818; baseline 0 -18"><span class='ocrx_word' id='word_1_98' title='bbox 209 1734 277 1800; x_wconf 71' lang='lat' dir='ltr'><strong><em>ibo.</em></strong></span> <span class='ocrx_word' id='word_1_99' title='bbox 306 1753 335 1816; x_wconf 90' lang='lat' dir='ltr'><strong><em>p.</em></strong></span> <span class='ocrx_word' id='word_1_100' title='bbox 362 1733 423 1795; x_wconf 90' lang='grc'><strong><em>466</em></strong></span> <span class='ocrx_word' id='word_1_101' title='bbox 449 1732 494 1796; x_wconf 91' lang='lat' dir='ltr'><strong><em>B:</em></strong></span> <span class='ocrx_word' id='word_1_102' title='bbox 527 1724 600 1796; x_wconf 75' lang='grc' dir='ltr'><strong><em>αλλ’</em></strong></span> <span class='ocrx_word' id='word_1_103' title='bbox 623 1723 768 1815; x_wconf 81' lang='grc' dir='ltr'><strong><em>α’νόητός</em></strong></span> <span class='ocrx_word' id='word_1_104' title='bbox 795 1756 832 1796; x_wconf 88' lang='grc' dir='ltr'><strong><em>τε</em></strong></span> <span class='ocrx_word' id='word_1_105' title='bbox 860 1733 914 1798; x_wconf 82' lang='grc' dir='ltr'><strong><em>καί</em></strong></span> <span class='ocrx_word' id='word_1_106' title='bbox 944 1725 1171 1818; x_wconf 73' lang='grc' dir='ltr'><strong><em>μειρακιώδης</em></strong></span> 
     </span>
     <span class='ocr_line' id='line_1_15' title="bbox 109 1829 1169 1925; baseline -0.002 -17"><span class='ocrx_word' id='word_1_107' title='bbox 109 1835 188 1918; x_wconf 80' lang='grc' dir='ltr'><strong><em>δόξα</em></strong></span> <span class='ocrx_word' id='word_1_108' title='bbox 229 1839 423 1925; x_wconf 72' lang='grc' dir='ltr'><strong><em>ἐμπεσοῦσα</em></strong></span> <span class='ocrx_word' id='word_1_109' title='bbox 455 1829 677 1922; x_wconf 71' lang='grc' dir='ltr'><strong><em>εὐδαιμονίας</em></strong></span> <span class='ocrx_word' id='word_1_110' title='bbox 703 1840 779 1921; x_wconf 76' lang='grc' dir='ltr'><strong><em>πὲρι</em></strong></span> <span class='ocrx_word' id='word_1_111' title='bbox 806 1830 949 1923; x_wconf 79' lang='grc' dir='ltr'><strong><em>ὁρμήσει</em></strong></span> <span class='ocrx_word' id='word_1_112' title='bbox 977 1833 1084 1905; x_wconf 74' lang='grc' dir='ltr'><strong><em>αὐτόν</em></strong></span> <span class='ocrx_word' id='word_1_113' title='bbox 1114 1835 1169 1906; x_wconf 78' lang='grc' dir='ltr'><strong><em>δαί</em></strong></span> 
     </span>
     <span class='ocr_line' id='line_1_16' title="bbox 109 1935 1170 2032; baseline -0.003 -18"><span class='ocrx_word' id='word_1_114' title='bbox 109 1945 261 2032; x_wconf 75' lang='grc' dir='ltr'><strong><em>δύναμιν</em></strong></span> <span class='ocrx_word' id='word_1_115' title='bbox 293 1947 348 2010; x_wconf 75' lang='grc' dir='ltr'><strong><em>ἐπὶ</em></strong></span> <span class='ocrx_word' id='word_1_116' title='bbox 382 1940 420 2010; x_wconf 86' lang='grc' dir='ltr'><strong><em>τό</em></strong></span> <span class='ocrx_word' id='word_1_117' title='bbox 454 1939 591 2010; x_wconf 80' lang='grc' dir='ltr'><strong><em>ἅπαντα</em></strong></span> <span class='ocrx_word' id='word_1_118' title='bbox 625 1939 667 2009; x_wconf 84' lang='grc' dir='ltr'><strong><em>τοί</em></strong></span> <span class='ocrx_word' id='word_1_119' title='bbox 697 1949 734 2008; x_wconf 81' lang='grc' dir='ltr'><strong><em>ἐν</em></strong></span> <span class='ocrx_word' id='word_1_120' title='bbox 755 1944 798 2031; x_wconf 77' lang='grc' dir='ltr'><strong><em>τῇ</em></strong></span> <span class='ocrx_word' id='word_1_121' title='bbox 819 1935 918 2010; x_wconf 84' lang='grc' dir='ltr'><strong><em>πόλει</em></strong></span> <span class='ocrx_word' id='word_1_122' title='bbox 946 1945 1170 2012; x_wconf 75' lang='grc' dir='ltr'><strong><em>οἰκειοῦσθαι.</em></strong></span> 
     </span>
     <span class='ocr_line' id='line_1_17' title="bbox 108 2046 1172 2136; baseline -0.003 -15"><span class='ocrx_word' id='word_1_123' title='bbox 108 2056 240 2121; x_wconf 82' lang='lat' dir='ltr'>Prorsus</span> <span class='ocrx_word' id='word_1_124' title='bbox 261 2052 338 2116; x_wconf 90' lang='lat' dir='ltr'><strong>nihil</strong></span> <span class='ocrx_word' id='word_1_125' title='bbox 365 2053 413 2117; x_wconf 86' lang='lat' dir='ltr'><strong><em>ost</em></strong></span> <span class='ocrx_word' id='word_1_126' title='bbox 433 2046 548 2136; x_wconf 79' lang='grc' dir='ltr'><strong><em>ὁρμᾶν</em></strong></span> <span class='ocrx_word' id='word_1_127' title='bbox 566 2050 723 2134; x_wconf 88' lang='lat' dir='ltr'><strong><em>propter</em></strong></span> <span class='ocrx_word' id='word_1_128' title='bbox 753 2050 982 2132; x_wconf 68' lang='lat' dir='ltr'><strong>potentiam</strong></span> <span class='ocrx_word' id='word_1_129' title='bbox 1010 2053 1093 2118; x_wconf 84' lang='lat' dir='ltr'><strong>esset</strong></span> <span class='ocrx_word' id='word_1_130' title='bbox 1114 2052 1172 2118; x_wconf 88' lang='lat' dir='ltr'><strong>uli·</strong></span> 
     </span>
     <span class='ocr_line' id='line_1_18' title="bbox 108 2150 1167 2246; baseline -0.006 -18"><span class='ocrx_word' id='word_1_131' title='bbox 108 2162 181 2246; x_wconf 86' lang='lat' dir='ltr'><strong>quid</strong></span> <span class='ocrx_word' id='word_1_132' title='bbox 212 2154 251 2226; x_wconf 86' lang='grc' dir='ltr'><strong><em>τό</em></strong></span> <span class='ocrx_word' id='word_1_133' title='bbox 285 2156 424 2224; x_wconf 79' lang='grc' dir='ltr'><strong><em>ἅπαντα</em></strong></span> <span class='ocrx_word' id='word_1_134' title='bbox 462 2150 605 2241; x_wconf 83' lang='grc' dir='ltr'><strong><em>δυνοίμει</em></strong></span> <span class='ocrx_word' id='word_1_135' title='bbox 640 2157 868 2234; x_wconf 74' lang='grc' dir='ltr'><strong><em>οἰκειοῦσθαι,</em></strong></span> <span class='ocrx_word' id='word_1_136' title='bbox 902 2156 961 2222; x_wconf 69' lang='lat' dir='ltr'><strong><em>etei</em></strong></span> <span class='ocrx_word' id='word_1_137' title='bbox 988 2157 1167 2226; x_wconf 81' lang='lat' dir='ltr'><strong>abundaret.</strong></span> 
     </span>
     <span class='ocr_line' id='line_1_19' title="bbox 107 2254 1205 2350; baseline -0.002 -17"><span class='ocrx_word' id='word_1_138' title='bbox 107 2266 327 2333; x_wconf 81' lang='lat' dir='ltr'><strong>Scribendum:</strong></span> <span class='ocrx_word' id='word_1_139' title='bbox 342 2258 492 2350; x_wconf 77' lang='grc' dir='ltr'><strong><em>ὅρμησαι</em></strong></span> <span class='ocrx_word' id='word_1_140' title='bbox 504 2257 610 2331; x_wconf 75' lang='grc' dir='ltr'><strong><em>αὐτόν</em></strong></span> <span class='ocrx_word' id='word_1_141' title='bbox 633 2262 829 2328; x_wconf 76' lang='grc' dir='ltr'><strong><em>διαδῦναι</em></strong></span> <span class='ocrx_word' id='word_1_142' title='bbox 852 2263 908 2328; x_wconf 76' lang='grc' dir='ltr'><strong><em>ἐπὶ</em></strong></span> <span class='ocrx_word' id='word_1_143' title='bbox 929 2258 970 2329; x_wconf 77' lang='grc' dir='ltr'><strong><em>τό</em></strong></span> <span class='ocrx_word' id='word_1_144' title='bbox 985 2311 992 2328; x_wconf 93' lang='grc'><strong>.</strong></span> <span class='ocrx_word' id='word_1_145' title='bbox 1009 2311 1042 2328; x_wconf 94' lang='grc'><strong><em>..</em></strong></span> <span class='ocrx_word' id='word_1_146' title='bbox 1065 2269 1170 2332; x_wconf 87' lang='grc' dir='ltr'><strong><em>οἰκει-</em></strong></span> <span class='ocrx_word' id='word_1_147' title='bbox 1202 2254 1205 2260; x_wconf 56' lang='grc'>’</span> 
     </span>
     <span class='ocr_line' id='line_1_20' title="bbox 107 2376 274 2442; baseline -0.012 -4"><span class='ocrx_word' id='word_1_148' title='bbox 107 2376 247 2442; x_wconf 85' lang='grc' dir='ltr'><strong><em>οῦοθαι.</em></strong></span> <span class='ocrx_word' id='word_1_149' title='bbox 271 2381 274 2390; x_wconf 86' lang='grc'>’</span> 
     </span>
    </p>

    <p class='ocr_par' dir='ltr' id='par_1_4' title="bbox 105 2469 1172 3201">
     <span class='ocr_line' id='line_1_21' title="bbox 146 2469 1170 2564; baseline 0.003 -21"><span class='ocrx_word' id='word_1_150' title='bbox 146 2508 149 2513; x_wconf 96' lang='grc'><strong><em>·</em></strong></span> <span class='ocrx_word' id='word_1_151' title='bbox 208 2478 274 2543; x_wconf 81' lang='lat' dir='ltr'><strong><em>md.</em></strong></span> <span class='ocrx_word' id='word_1_152' title='bbox 302 2497 332 2560; x_wconf 90' lang='lat' dir='ltr'><strong><em>p.</em></strong></span> <span class='ocrx_word' id='word_1_153' title='bbox 366 2478 425 2537; x_wconf 76' lang='lat'><strong><em>472</em></strong></span> <span class='ocrx_word' id='word_1_154' title='bbox 459 2476 500 2542; x_wconf 81' lang='lat' dir='ltr'><strong><em>O:</em></strong></span> <span class='ocrx_word' id='word_1_155' title='bbox 535 2478 721 2561; x_wconf 80' lang='grc' dir='ltr'><strong><em>ἐζητοῦμεν</em></strong></span> <span class='ocrx_word' id='word_1_156' title='bbox 757 2469 842 2542; x_wconf 86' lang='grc' dir='ltr'><strong><em>αῦτό</em></strong></span> <span class='ocrx_word' id='word_1_157' title='bbox 875 2502 911 2542; x_wconf 87' lang='grc' dir='ltr'><strong><em>τε</em></strong></span> <span class='ocrx_word' id='word_1_158' title='bbox 939 2472 1170 2564; x_wconf 75' lang='grc' dir='ltr'><strong><em>δικαιοσύνην,</em></strong></span> 
     </span>
     <span class='ocr_line' id='line_1_22' title="bbox 107 2579 1171 2672; baseline 0.002 -20"><span class='ocrx_word' id='word_1_159' title='bbox 107 2580 181 2651; x_wconf 82' lang='grc' dir='ltr'><strong><em>οἷόν</em></strong></span> <span class='ocrx_word' id='word_1_160' title='bbox 206 2590 293 2658; x_wconf 82' lang='grc' dir='ltr'><strong><em>ἐστι,</em></strong></span> <span class='ocrx_word' id='word_1_161' title='bbox 317 2584 369 2648; x_wconf 88' lang='grc' dir='ltr'><strong><em>καί</em></strong></span> <span class='ocrx_word' id='word_1_162' title='bbox 393 2579 499 2667; x_wconf 79' lang='grc' dir='ltr'><strong><em>ἄνδρα</em></strong></span> <span class='ocrx_word' id='word_1_163' title='bbox 522 2579 584 2648; x_wconf 87' lang='grc' dir='ltr'><strong><em>τόν</em></strong></span> <span class='ocrx_word' id='word_1_164' title='bbox 605 2586 724 2656; x_wconf 74' lang='grc' dir='ltr'><strong><em>τελέως</em></strong></span> <span class='ocrx_word' id='word_1_165' title='bbox 746 2583 889 2659; x_wconf 87' lang='grc' dir='ltr'><strong><em>δίκαιον,</em></strong></span> <span class='ocrx_word' id='word_1_166' title='bbox 912 2589 944 2650; x_wconf 76' lang='grc' dir='ltr'><strong><em>εἴ</em></strong></span> <span class='ocrx_word' id='word_1_167' title='bbox 964 2589 1171 2672; x_wconf 73' lang='grc' dir='ltr'><strong><em>γένοιτοκαὶ</em></strong></span> 
     </span>
     <span class='ocr_line' id='line_1_23' title="bbox 107 2682 1171 2774; baseline 0.002 -16"><span class='ocrx_word' id='word_1_168' title='bbox 107 2690 178 2765; x_wconf 80' lang='grc' dir='ltr'><strong><em>οἷος</em></strong></span> <span class='ocrx_word' id='word_1_169' title='bbox 200 2685 244 2755; x_wconf 79' lang='grc' dir='ltr'><strong><em>σίν</em></strong></span> <span class='ocrx_word' id='word_1_170' title='bbox 266 2691 318 2772; x_wconf 86' lang='grc' dir='ltr'><strong><em>εἴη</em></strong></span> <span class='ocrx_word' id='word_1_171' title='bbox 339 2682 533 2774; x_wconf 74' lang='grc' dir='ltr'><strong><em>γενόμενος.</em></strong></span> <span class='ocrx_word' id='word_1_172' title='bbox 570 2691 638 2755; x_wconf 88' lang='lat' dir='ltr'><strong><em>Non</em></strong></span> <span class='ocrx_word' id='word_1_173' title='bbox 660 2690 874 2774; x_wconf 76' lang='lat' dir='ltr'><strong>quaerebantur</strong></span> <span class='ocrx_word' id='word_1_174' title='bbox 895 2691 964 2770; x_wconf 76' lang='lat' dir='ltr'><strong>duo,</strong></span> <span class='ocrx_word' id='word_1_175' title='bbox 987 2712 1061 2758; x_wconf 91' lang='lat' dir='ltr'><strong><em>uum</em></strong></span> <span class='ocrx_word' id='word_1_176' title='bbox 1081 2693 1171 2761; x_wconf 83' lang='lat' dir='ltr'><strong>fieret</strong></span> 
     </span>
     <span class='ocr_line' id='line_1_24' title="bbox 106 2794 1172 2881; baseline 0 -17"><span class='ocrx_word' id='word_1_177' title='bbox 106 2801 138 2864; x_wconf 91' lang='lat' dir='ltr'><strong><em>et</em></strong></span> <span class='ocrx_word' id='word_1_178' title='bbox 160 2794 661 2881; x_wconf 82' lang='lat' dir='ltr'><strong>qualisfuturusessetuiriuatus‚</strong></span> <span class='ocrx_word' id='word_1_179' title='bbox 686 2795 749 2874; x_wconf 75' lang='lat' dir='ltr'><strong>sed,</strong></span> <span class='ocrx_word' id='word_1_180' title='bbox 772 2796 1030 2880; x_wconf 85' lang='lat' dir='ltr'><strong>quemadmodum</strong></span> <span class='ocrx_word' id='word_1_181' title='bbox 1052 2797 1084 2862; x_wconf 90' lang='lat' dir='ltr'><strong>iu</strong></span> <span class='ocrx_word' id='word_1_182' title='bbox 1103 2798 1172 2881; x_wconf 88' lang='lat' dir='ltr'><strong><em>ipsa</em></strong></span> 
     </span>
     <span class='ocr_line' id='line_1_25' title="bbox 105 2901 1172 2986; baseline 0 -17"><span class='ocrx_word' id='word_1_183' title='bbox 105 2902 237 2976; x_wconf 81' lang='lat' dir='ltr'><strong>iustitia,</strong></span> <span class='ocrx_word' id='word_1_184' title='bbox 258 2920 363 2979; x_wconf 84' lang='lat' dir='ltr'><strong>unum,</strong></span> <span class='ocrx_word' id='word_1_185' title='bbox 387 2902 486 2985; x_wconf 86' lang='lat' dir='ltr'><strong>qualis</strong></span> <span class='ocrx_word' id='word_1_186' title='bbox 508 2903 627 2966; x_wconf 77' lang='lat' dir='ltr'><strong>diturus</strong></span> <span class='ocrx_word' id='word_1_187' title='bbox 639 2902 736 2977; x_wconf 83' lang='lat' dir='ltr'><strong>esset;</strong></span> <span class='ocrx_word' id='word_1_188' title='bbox 758 2901 881 2966; x_wconf 79' lang='lat' dir='ltr'><strong>additur</strong></span> <span class='ocrx_word' id='word_1_189' title='bbox 895 2901 1078 2986; x_wconf 82' lang='lat' dir='ltr'><strong>significatio</strong></span> <span class='ocrx_word' id='word_1_190' title='bbox 1091 2903 1172 2968; x_wconf 86' lang='lat' dir='ltr'><strong>dilli-</strong></span> 
     </span>
     <span class='ocr_line' id='line_1_26' title="bbox 107 3007 1168 3092; baseline -0.002 -17"><span class='ocrx_word' id='word_1_191' title='bbox 107 3011 174 3076; x_wconf 85' lang='lat' dir='ltr'><strong>cilis</strong></span> <span class='ocrx_word' id='word_1_192' title='bbox 197 3008 237 3074; x_wconf 89' lang='lat' dir='ltr'><strong><em>ad</em></strong></span> <span class='ocrx_word' id='word_1_193' title='bbox 259 3008 472 3090; x_wconf 87' lang='lat' dir='ltr'><strong>reperiendum</strong></span> <span class='ocrx_word' id='word_1_194' title='bbox 499 3009 531 3073; x_wconf 85' lang='lat' dir='ltr'><strong><em>et</em></strong></span> <span class='ocrx_word' id='word_1_195' title='bbox 561 3026 638 3072; x_wconf 84' lang='lat' dir='ltr'><strong>rarae</strong></span> <span class='ocrx_word' id='word_1_196' title='bbox 660 3007 719 3071; x_wconf 85' lang='lat' dir='ltr'><strong>rei:</strong></span> <span class='ocrx_word' id='word_1_197' title='bbox 747 3010 778 3070; x_wconf 81' lang='grc' dir='ltr'><strong><em>εἰ</em></strong></span> <span class='ocrx_word' id='word_1_198' title='bbox 798 3008 942 3092; x_wconf 78' lang='grc' dir='ltr'><strong><em>γένοιτο.</em></strong></span> <span class='ocrx_word' id='word_1_199' title='bbox 987 3007 1168 3074; x_wconf 81' lang='lat' dir='ltr'><strong>Tollendum</strong></span> 
     </span>
     <span class='ocr_line' id='line_1_27' title="bbox 106 3112 1105 3201; baseline -0.001 -21"><span class='ocrx_word' id='word_1_200' title='bbox 106 3118 202 3201; x_wconf 85' lang='lat' dir='ltr'><strong>igitur</strong></span> <span class='ocrx_word' id='word_1_201' title='bbox 224 3115 288 3188; x_wconf 86' lang='grc' dir='ltr'><strong><em>καί,</em></strong></span> <span class='ocrx_word' id='word_1_202' title='bbox 312 3115 451 3179; x_wconf 86' lang='lat' dir='ltr'><strong>additum</strong></span> <span class='ocrx_word' id='word_1_203' title='bbox 475 3132 535 3179; x_wconf 90' lang='lat' dir='ltr'><strong>uon</strong></span> <span class='ocrx_word' id='word_1_204' title='bbox 558 3113 715 3178; x_wconf 86' lang='lat' dir='ltr'><strong>intellecta</strong></span> <span class='ocrx_word' id='word_1_205' title='bbox 734 3112 869 3177; x_wconf 87' lang='lat' dir='ltr'><strong>oratioue</strong></span> <span class='ocrx_word' id='word_1_206' title='bbox 890 3113 923 3176; x_wconf 86' lang='lat' dir='ltr'><strong><em>et</em></strong></span> <span class='ocrx_word' id='word_1_207' title='bbox 942 3114 1105 3183; x_wconf 80' lang='lat' dir='ltr'><strong>sententia.</strong></span> 
     </span>
    </p>

    <p class='ocr_par' dir='ltr' id='par_1_5' title="bbox 106 3213 1168 3730">
     <span class='ocr_line' id='line_1_28' title="bbox 206 3213 1166 3305; baseline 0.001 -20"><span class='ocrx_word' id='word_1_208' title='bbox 206 3220 269 3285; x_wconf 89' lang='lat' dir='ltr'><strong><em>lbd.</em></strong></span> <span class='ocrx_word' id='word_1_209' title='bbox 290 3239 320 3302; x_wconf 89' lang='lat' dir='ltr'><strong><em>p.</em></strong></span> <span class='ocrx_word' id='word_1_210' title='bbox 341 3220 404 3284; x_wconf 86' lang='grc'><strong><em>473</em></strong></span> <span class='ocrx_word' id='word_1_211' title='bbox 425 3221 470 3285; x_wconf 88' lang='lat' dir='ltr'><strong><em>D:</em></strong></span> <span class='ocrx_word' id='word_1_212' title='bbox 493 3221 561 3285; x_wconf 83' lang='grc' dir='ltr'><strong><em>τῦν</em></strong></span> <span class='ocrx_word' id='word_1_213' title='bbox 589 3220 621 3284; x_wconf 74' lang='grc' dir='ltr'><strong><em>δὲ</em></strong></span> <span class='ocrx_word' id='word_1_214' title='bbox 645 3219 710 3284; x_wconf 90' lang='grc' dir='ltr'><strong><em>νῦν</em></strong></span> <span class='ocrx_word' id='word_1_215' title='bbox 731 3220 969 3303; x_wconf 81' lang='grc' dir='ltr'><strong><em>πορευομένων</em></strong></span> <span class='ocrx_word' id='word_1_216' title='bbox 990 3221 1088 3305; x_wconf 77' lang='grc' dir='ltr'><strong><em>χειρίς</em></strong></span> <span class='ocrx_word' id='word_1_217' title='bbox 1116 3213 1166 3305; x_wconf 78' lang='grc' dir='ltr'><strong><em>ἐφ’</em></strong></span> 
     </span>
     <span class='ocr_line' id='line_1_29' title="bbox 107 3316 1167 3412; baseline -0.001 -20"><span class='ocrx_word' id='word_1_218' title='bbox 107 3319 267 3409; x_wconf 76' lang='grc' dir='ltr'><strong><em>ἑκάτερον</em></strong></span> <span class='ocrx_word' id='word_1_219' title='bbox 291 3332 327 3392; x_wconf 88' lang='grc' dir='ltr'><strong><em>αἱ</em></strong></span> <span class='ocrx_word' id='word_1_220' title='bbox 349 3329 472 3395; x_wconf 82' lang='grc' dir='ltr'><strong><em>πολλοὶ</em></strong></span> <span class='ocrx_word' id='word_1_221' title='bbox 498 3321 615 3412; x_wconf 77' lang='grc' dir='ltr'><strong><em>φύσεις</em></strong></span> <span class='ocrx_word' id='word_1_222' title='bbox 642 3331 676 3402; x_wconf 77' lang='grc' dir='ltr'><strong><em>ἐξ</em></strong></span> <span class='ocrx_word' id='word_1_223' title='bbox 701 3318 851 3412; x_wconf 79' lang='grc' dir='ltr'><strong><em>α’νοίμιιης</em></strong></span> <span class='ocrx_word' id='word_1_224' title='bbox 878 3316 1167 3393; x_wconf 67' lang='grc' dir='ltr'><strong><em>ἀποκλεισθῶσιν.</em></strong></span> 
     </span>
     <span class='ocr_line' id='line_1_30' title="bbox 106 3432 1168 3516; baseline 0.001 -19"><span class='ocrx_word' id='word_1_225' title='bbox 106 3432 275 3497; x_wconf 81' lang='lat' dir='ltr'><strong>Multitudo</strong></span> <span class='ocrx_word' id='word_1_226' title='bbox 309 3435 487 3499; x_wconf 86' lang='lat' dir='ltr'><strong>naturarum</strong></span> <span class='ocrx_word' id='word_1_227' title='bbox 519 3433 738 3506; x_wconf 88' lang='lat' dir='ltr'><strong>nihilomnino</strong></span> <span class='ocrx_word' id='word_1_228' title='bbox 769 3432 808 3497; x_wconf 88' lang='lat' dir='ltr'><strong><em>ad</em></strong></span> <span class='ocrx_word' id='word_1_229' title='bbox 833 3450 899 3498; x_wconf 87' lang='lat' dir='ltr'><strong><em>rem</em></strong></span> <span class='ocrx_word' id='word_1_230' title='bbox 928 3433 1076 3516; x_wconf 76' lang='lat' dir='ltr'><strong>portinet3</strong></span> <span class='ocrx_word' id='word_1_231' title='bbox 1099 3432 1168 3515; x_wconf 79' lang='lat' dir='ltr'><strong><em>ipsa</em></strong></span> 
     </span>
     <span class='ocr_line' id='line_1_31' title="bbox 106 3532 1167 3625; baseline 0.002 -22"><span class='ocrx_word' id='word_1_232' title='bbox 106 3538 206 3603; x_wconf 82' lang='lat' dir='ltr'><strong>forma</strong></span> <span class='ocrx_word' id='word_1_233' title='bbox 226 3539 369 3604; x_wconf 81' lang='lat' dir='ltr'><strong>orationis</strong></span> <span class='ocrx_word' id='word_1_234' title='bbox 393 3540 472 3618; x_wconf 80' lang='grc' dir='ltr'><strong><em>(τῶν</em></strong></span> <span class='ocrx_word' id='word_1_235' title='bbox 494 3542 733 3623; x_wconf 81' lang='grc' dir='ltr'><strong><em>πορευομένων</em></strong></span> <span class='ocrx_word' id='word_1_236' title='bbox 759 3543 794 3604; x_wconf 75' lang='grc' dir='ltr'><strong><em>αἱ</em></strong></span> <span class='ocrx_word' id='word_1_237' title='bbox 816 3532 936 3625; x_wconf 76' lang='grc' dir='ltr'><strong><em>φῦοεις</em></strong></span> <span class='ocrx_word' id='word_1_238' title='bbox 965 3557 1020 3621; x_wconf 88' lang='lat' dir='ltr'><strong><em>pro</em></strong></span> <span class='ocrx_word' id='word_1_239' title='bbox 1042 3542 1074 3603; x_wconf 81' lang='grc' dir='ltr'><strong><em>οἱ</em></strong></span> <span class='ocrx_word' id='word_1_240' title='bbox 1101 3563 1167 3605; x_wconf 88' lang='grc' dir='ltr'><strong><em>πο-</em></strong></span> 
     </span>
     <span class='ocr_line' id='line_1_32' title="bbox 107 3639 1166 3730; baseline 0 -21"><span class='ocrx_word' id='word_1_241' title='bbox 107 3639 299 3729; x_wconf 83' lang='grc' dir='ltr'><strong><em>ρευόμενοι)</em></strong></span> <span class='ocrx_word' id='word_1_242' title='bbox 322 3646 477 3730; x_wconf 85' lang='lat' dir='ltr'><strong>signifieat</strong></span> <span class='ocrx_word' id='word_1_243' title='bbox 497 3646 596 3710; x_wconf 85' lang='lat' dir='ltr'><strong>notari</strong></span> <span class='ocrx_word' id='word_1_244' title='bbox 618 3645 729 3711; x_wconf 82' lang='lat' dir='ltr'><strong>vitium</strong></span> <span class='ocrx_word' id='word_1_245' title='bbox 751 3646 873 3730; x_wconf 86' lang='lat' dir='ltr'><strong>aliquod</strong></span> <span class='ocrx_word' id='word_1_246' title='bbox 893 3646 1021 3723; x_wconf 74' lang='lat' dir='ltr'><strong>nature,</strong></span> <span class='ocrx_word' id='word_1_247' title='bbox 1042 3645 1166 3727; x_wconf 89' lang='lat' dir='ltr'><strong><em>propter</em></strong></span> 
     </span>
    </p>
   </div>
   <div class='ocr_carea' id='block_1_3' title="bbox 108 3859 308 3868">
    <p class='ocr_par' dir='ltr' id='par_1_6' title="bbox 108 3859 308 3868">
     <span class='ocr_line' id='line_1_33' title="bbox 108 3859 308 3868; baseline -0.005 -1"><span class='ocrx_word' id='word_1_248' title='bbox 108 3859 308 3868; x_wconf 47' lang='lat'><strong><em>*—</em></strong></span> 
     </span>
    </p>
   </div>
   <div class='ocr_carea' id='block_1_4' title="bbox 132 3970 1168 4151">
    <p class='ocr_par' dir='ltr' id='par_1_7' title="bbox 132 3970 1168 4151">
     <span class='ocr_line' id='line_1_34' title="bbox 132 3970 1168 4057; baseline -0.004 -14"><span class='ocrx_word' id='word_1_249' title='bbox 132 3989 156 4057; x_wconf 86' lang='lat'><strong><em>¹)</em></strong></span> <span class='ocrx_word' id='word_1_250' title='bbox 174 3987 264 4043; x_wconf 78' lang='lat' dir='ltr'><strong>Aliter</strong></span> <span class='ocrx_word' id='word_1_251' title='bbox 282 3987 381 4042; x_wconf 85' lang='lat' dir='ltr'><strong>dieitur</strong></span> <span class='ocrx_word' id='word_1_252' title='bbox 394 3986 424 4040; x_wconf 91' lang='lat' dir='ltr'><strong><em>in</em></strong></span> <span class='ocrx_word' id='word_1_253' title='bbox 441 3987 605 4057; x_wconf 86' lang='lat' dir='ltr'><strong>pronomine,</strong></span> <span class='ocrx_word' id='word_1_254' title='bbox 628 3985 722 4041; x_wconf 82' lang='lat' dir='ltr'><strong>addito</strong></span> <span class='ocrx_word' id='word_1_255' title='bbox 739 3981 918 4041; x_wconf 69' lang='lat' dir='ltr'><strong>almerardo:</strong></span> <span class='ocrx_word' id='word_1_256' title='bbox 945 3983 1005 4042; x_wconf 68' lang='lat' dir='ltr'><strong><em>vot</em></strong></span> <span class='ocrx_word' id='word_1_257' title='bbox 1023 3970 1058 4054; x_wconf 82' lang='grc' dir='ltr'><strong><em>ἦν</em></strong></span> <span class='ocrx_word' id='word_1_258' title='bbox 1076 3983 1168 4056; x_wconf 75' lang='grc' dir='ltr'><strong><em>φόβος</em></strong></span> 
     </span>
     <span class='ocr_line' id='line_1_35' title="bbox 176 4076 1014 4151; baseline 0.001 -15"><span class='ocrx_word' id='word_1_259' title='bbox 176 4082 280 4151; x_wconf 79' lang='grc' dir='ltr'><strong><em>(Εοιίρ.</em></strong></span> <span class='ocrx_word' id='word_1_260' title='bbox 307 4079 403 4136; x_wconf 80' lang='lat' dir='ltr'><strong>Troad.</strong></span> <span class='ocrx_word' id='word_1_261' title='bbox 420 4081 481 4142; x_wconf 76' lang='lat'>240,</span> <span class='ocrx_word' id='word_1_262' title='bbox 503 4079 607 4135; x_wconf 84' lang='lat' dir='ltr'><strong>lleraol</strong></span> <span class='ocrx_word' id='word_1_263' title='bbox 627 4080 686 4144; x_wconf 81' lang='grc'><strong><em>739,</em></strong></span> <span class='ocrx_word' id='word_1_264' title='bbox 706 4076 769 4144; x_wconf 76' lang='grc' dir='ltr'><strong><em>δεός</em></strong></span> <span class='ocrx_word' id='word_1_265' title='bbox 786 4078 925 4135; x_wconf 75' lang='lat' dir='ltr'><strong>Damoatlu</strong></span> <span class='ocrx_word' id='word_1_266' title='bbox 944 4079 968 4147; x_wconf 89' lang='grc' dir='ltr'><strong><em>Ι,</em></strong></span> <span class='ocrx_word' id='word_1_267' title='bbox 984 4079 1014 4137; x_wconf 61' lang='lat'><strong><em>8*</em></strong></span> 
     </span>
    </p>
   </div>
   <div class='ocr_carea' id='block_1_5' title="bbox 0 0 1294 4530">
    <p class='ocr_par' dir='ltr' id='par_1_8' title="bbox 0 0 1294 4530">
     <span class='ocr_line' id='line_1_36' title="bbox 0 0 1294 4530; baseline 0 1"><span class='ocrx_word' id='word_1_268' title='bbox 0 0 1294 4530; x_wconf 95' lang='lat' dir='ltr'><strong><em> </em></strong></span> 
     </span>
    </p>
   </div>
  </div>
 </body>
</html>
