2580 4530
580 258 640 313 Lib.
658 260 712 316 111.
1067 251 1126 324 307

210 457 279 523 Lib.
303 459 328 536 Ι,
352 459 401 536 12,
425 460 459 523 l:
490 437 543 525 καὶ
568 451 701 531 στάσεις
730 464 766 524 ἐν
787 464 861 532 ταῖς
884 453 1023 527 πόλεσιν
1046 455 1090 534 ὥς
1117 462 1172 526 ἐπὶ

112 561 148 630 ια’
186 560 280 631 πολύ
314 565 500 652 ἐγίγνοντο,
535 558 593 650 er'cp'
627 552 671 630 ὧν
705 548 929 639 ἐκπίπτοντος
961 562 1023 642 τοῖς
1056 559 1174 639 πόλεις’

110 677 251 752 ἔκτιζον.
295 672 459 747 haberant,
481 674 516 736 ut
538 672 700 737 articulum
722 672 754 735 in
777 668 839 746 τας
861 667 979 747 πόλεις
1001 674 1173 758 expediant,

109 780 235 857 frustra,
258 778 378 862 opinor,
401 795 611 861 comperce,
635 777 703 841 tum
724 779 856 844 maxime
877 783 1002 864 propter
1032 780 1066 845 id
1095 781 1173 864 quod

108 885 274 969 praecedit,
303 890 339 950 ἐν
366 898 440 958 ταῖς
468 879 617 964 πόλεσιν.
667 883 866 949 Scribendum
889 885 1023 952 videtur:
1047 881 1105 972 αφ’
1129 876 1174 952 ὦν

109 990 338 1063 ἐκπίπτοντες
360 996 453 1063 νέας
475 983 592 1061 πόλεις
614 991 790 1069 ἕκτιζοιι.1)·
821 976 823 981 “

210 1097 280 1162 Ibd.
308 1098 358 1174 37,
381 1098 416 1160 3:
450 1092 543 1168 ὅπως
566 1091 650 1160 card
678 1090 788 1179 μόνας
818 1090 954 1163 α’δικαόσι
984 1099 1038 1162 καὶ
1069 1094 1172 1174 ὅπως,

107 1207 144 1266 ἐν
181 1189 206 1286 ᾦ
238 1207 303 1287 μὲν
330 1197 374 1269 σῖν
402 1206 563 1286 κρατῶσι,
590 1195 792 1288 βιάζωνται,
826 1191 868 1269 οὗ
893 1196 922 1268 δ’
954 1199 999 1269 ἄν
1027 1200 1172 1276 λα’θαισι,

108 1311 217 1373 πλέον
242 1316 378 1395 ἔχωσιν,
412 1305 456 1394 ἢν
487 1311 523 1375 δι’
551 1303 620 1374 που
647 1336 678 1374 τι
708 1302 960 1394 προσλάβωσιν,
992 1303 1174 1397 α’ναισχυν·

107 1415 222 1480 τοισιν.
267 1414 336 1480 Νοσ
356 1417 747 1500 respondet'superioribus
760 1417 877 1483 dnobus
892 1415 1011 1482 iniuriae
1026 1417 1173 1511 facienda

106 1521 275 1606 generibus
308 1524 340 1587 et
370 1523 580 1589 occasionibus
614 1524 784 1588 extremum
820 1515 1055 1610 προολοῖβοισι,
1093 1524 1173 1607 quod

105 1627 251 1692 universe
278 1645 402 1692 omnem
426 1648 529 1694 rerum
551 1628 759 1694 accessionem
786 1631 953 1714 significan
978 1628 1174 1713 respondebit

108 1725 390 1817 προλᾰβαοιν.
433 1733 550 1799 Antei
576 1738 630 1800 aut
654 1735 772 1800 occulte
788 1737 844 1799 aut
865 1736 1021 1800 celeritate
1044 1738 1075 1799 et
1096 1756 1174 1818 prae·

108 1838 289 1920 occupando
311 1841 417 1922 agunt.

208 1945 277 2012 Ibd.
300 1946 350 2023 62,
373 1947 407 2009 2:
430 1937 473 2031 ἦν
497 1941 574 2031 δὶή
602 1940 721 2034 γνώμη
743 1946 804 2011 του
832 1939 1013 2027 Ἀριστέως
1042 1941 1079 2012 τό
1111 1950 1176 2032 μὲν

105 2046 193 2134 μεθ’
218 2050 341 2115 ἑαυτοῦ
374 2046 607 2139 στρατόπεδον
634 2061 741 2140 ἔχοντι
771 2059 809 2118 ἐν
835 2053 880 2137 τῷ
906 2055 1022 2139 ἰσθμῷ
1057 2059 1175 2138 ἐπιτη-

107 2169 180 2241 ρεῖν
210 2152 292 2229 τούς
315 2150 547 2244 Ἀθηναίους,
581 2154 626 2244 ἢν
652 2160 808 2236 ἐπίωσιν,
842 2159 1036 2234 Χαλκιδέας
1062 2160 1096 2226 δὲ
1119 2162 1173 2227 καὶ

108 2260 191 2338 τούς
219 2269 279 2340 ἔξω
303 2263 435 2347 ἰσθμοῦ
458 2259 653 2350 ξυμμάχους
684 2266 738 2330 καὶ
767 2261 831 2352 τήν
864 2262 1175 2352 παριὶ’Πιρδι’κκου

109 2371 289 2435 διακοσιάν
312 2377 421 2436 ἵππον
444 2379 481 2436 ἐν
503 2365 666 2457 Ὀλύνθῳ
695 2374 821 2454 μένειν.
867 2373 918 2438 Sic
953 2374 1092 2439 ecdicum
1114 2375 1175 2457 fide

109 2476 222 2555 editur,
246 2475 475 2560 defenditurque
499 2485 607 2563 ἔχοντι
631 2480 673 2543 sic
695 2479 830 2559 positum
850 2481 996 2563 tanquam
1021 2480 1175 2562 praecedat

110 2575 277 2665 Ἀριοτεῑ,
306 2602 372 2665 quae
400 2583 477 2648 mihi
505 2583 639 2650 defensio
671 2574 793 2665 prorsus
816 2585 900 2648 nulla
925 2585 1044 2649 videtur
1064 2587 1096 2650 in
1117 2587 1175 2653 hoc

109 2690 256 2754 continuo
283 2687 429 2752 orationis
457 2708 547 2754 cursu
577 2694 608 2755 et
635 2691 692 2755 hec
720 2690 847 2768 vicinia;
880 2709 1013 2774 quosque
1044 2692 1176 2756 afferunt

110 2794 186 2859 duos
217 2793 371 2876 Euripidis
394 2794 473 2859 locos
504 2796 615 2881 (iphig.
646 2797 715 2860 Aul.
743 2797 821 2867 491,
851 2795 933 2858 Med.
964 2796 1027 2876 58),
1051 2801 1175 2881 praeter-

111 2920 204 2983 quam
228 2899 307 2982 quod
334 2902 424 2981 paulo
447 2902 538 2966 aliam
568 2902 683 2966 habent
711 2902 856 2978 formam,
877 2901 937 2983 ipsi
965 2920 999 2966 eo
1027 2903 1177 2967 maiorem

110 3008 227 3072 habent
254 3006 492 3083 dubitationem,
515 3008 594 3090 quod
625 3008 745 3072 omnino
778 3024 836 3070 non
875 3006 1081 3089 intellegitur,
1118 3027 1176 3090 quo

142 3246 166 3313 ¹)
185 3245 306 3301 Subinde
333 3242 477 3297 monendos
495 3247 574 3312 puto,
603 3243 649 3310 qui
675 3243 730 3296 hac
756 3240 851 3295 lecturi
875 3243 952 3302 sunt,
982 3257 1024 3293 me
1052 3241 1085 3294 ab
1113 3241 1176 3296 aliis

183 3339 266 3400 dicta,
298 3337 352 3390 nisi
386 3352 493 3405 prorsus
527 3335 674 3404 singularis
704 3336 793 3403 aliqua
826 3349 904 3388 causa
938 3333 1091 3398 accesserit,
1122 3351 1176 3388 non

183 3433 328 3499 attingere.
365 3430 470 3497 ltaque,
497 3428 604 3480 etiarnsi
628 3443 681 3480 non
704 3426 804 3489 dicam,
830 3426 950 3480 dubitari
978 3425 1075 3488 nolim,
1101 3427 1174 3495 quin,

183 3527 215 3577 ut
231 3523 282 3577 hoc
299 3526 369 3584 utar,
396 3523 418 3583 Ι,
438 3524 472 3577 28
490 3520 566 3574 unice
589 3535 679 3572 veram
705 3523 797 3588 putem
822 3519 957 3588 Popponis
980 3519 1176 3575 coniecturam:

184 3616 288 3684 ἑτοῖμοι
318 3614 342 3668 δ’
375 3612 445 3668 εἶναι
473 3614 518 3667 καὶ
551 3611 617 3664 ὥστε
645 3611 822 3679 ἀμφοτέρους
854 3613 945 3680 μένειν
976 3610 1046 3663 κατὰ
1073 3610 1175 3678 χώραν,

185 3708 308 3770 σπονδὰς
327 3707 499 3775 ποιήσασθαι
519 3714 560 3766 (ea
578 3703 740 3766 condicione,
768 3708 799 3757 ut
824 3705 930 3773 utrique
950 3703 1007 3756 loco
1026 3705 1175 3769 maneant);

185 3818 246 3855 nam
272 3801 321 3854 hoc
346 3798 465 3853 Graecum
494 3802 545 3862 est,
573 3796 682 3864 ἓτσῖμός
710 3797 764 3864 εἰμι
796 3793 861 3849 ὥστε
882 3793 1057 3863 ἀμφοτέρους
1085 3793 1176 3863 μένειν

184 3893 342 3960 barbarum
361 3895 388 3944 et
406 3891 438 3945 de
457 3891 624 3945 induciarum
642 3888 794 3943 condicione
811 3890 909 3956 agitur,
929 3906 981 3943 non
1000 3887 1033 3942 de
1051 3885 1176 3941 manendi

186 3987 331 4040 voluntate.
376 3982 429 4037 Sed
456 3981 579 4035 annotari
602 3984 682 4037 veiim
707 3982 819 4035 aliorum
843 3982 959 4036 locorum
982 3997 1062 4036 causa
1091 3982 1176 4032 inter·

185 4079 346 4148 polationem
365 4079 393 4130 in
414 4079 452 4131 δέ.

932 4169 978 4219 20“
