2626 4530
548 1275 671 1351 aanor
696 1277 749 1353 11.
827 1282 830 1290 ·
965 1252 969 1259 ’

586 1442 672 1526 Gap.
697 1442 724 1509 Ι.

123 1572 126 1577 ’
168 1570 171 1577 ¹
222 1582 409 1651 nm'endaucur
427 1597 567 1658 Homerus,
586 1595 726 1660 Pindarus,
746 1596 897 1668 AEschylus,
917 1594 1072 1664 Sophocles.

217 1747 269 1812 Ab
296 1746 354 1813 hoo
379 1747 451 1813 iude
483 1747 549 1812 loco
579 1748 643 1813 iam
675 1748 860 1832 simpliciore
895 1749 951 1813 illa
983 1749 1016 1812 et
1047 1747 1181 1811 breviore
1306 1768 1312 1789 ·

119 1852 273 1918 scribendi
296 1853 492 1932 formantur,
520 1873 613 1936 quom
634 1854 724 1937 initio
747 1833 937 1929 adumbravi,
959 1855 995 1918 ut
1020 1853 1182 1934 scriptores

117 1961 279 2044 utriusque
305 1957 452 2025 sermonis
480 1958 587 2024 ordine
610 1978 825 2043 persequens‚·
841 1960 940 2044 priore
967 1961 1037 2024 loeo
1064 1960 1181 2041 poetas,

118 2085 194 2150 quas
223 2067 323 2132 habeo
346 2067 507 2130 annotatas
536 2065 768 2131 emendationes
798 2067 830 2132 et
852 2064 1052 2138 coniecturas,
1078 2063 1184 2146 siugu-

118 2172 208 2238 latim
230 2191 382 2255 promam,
404 2171 465 2236 nisi
485 2171 537 2236 ubi
551 2171 591 2236 ob
605 2170 842 2237 similitudinem
857 2171 993 2254 aliquam
1016 2167 1180 2234 notabilem

119 2280 172 2344 aut
211 2276 392 2343 adiunctum
432 2294 628 2342 communem
666 2277 802 2361 aliquam
839 2277 1041 2360 quaestionem
1078 2274 1181 2358 plures

119 2382 265 2467 coniungi
286 2383 362 2448 utile
385 2383 461 2459 erit,
494 2383 662 2464 adscripta,
699 2384 753 2449 ubi
782 2402 857 2468 opus
884 2380 1053 2459 videbitur,
1084 2381 1181 2444 maui-

119 2507 231 2573 meque
252 2488 342 2554 initio
363 2491 394 2554 et
415 2490 448 2554 iu
471 2489 693 2554 difficilioribus
722 2491 921 2572 scriptoribus
949 2487 1082 2553 breviter
1110 2506 1182 2552 eon-

119 2598 245 2662 ieotmae
275 2613 367 2660 causa
389 2597 420 2661 ct
441 2596 678 2661 confirmatione.
714 2597 947 2680 interponentur
968 2595 1071 2678 parvis
1092 2594 1182 2676 paulo

120 2703 241 2766 maiora
262 2702 596 2785 emendationibusque‚
618 2720 693 2785 quas
715 2722 840 2785 prorsus
862 2705 960 2767 cortss
976 2704 1060 2784 puto,
1083 2701 1183 2782 suspi-

122 2809 224 2873 ciones
249 2807 354 2871 autin
376 2808 481 2873 mendi
508 2809 696 2874 convictione
727 2811 781 2873 aut
801 2809 833 2872 iu
859 2806 1054 2872 correctionis
1077 2807 1183 2871 iuven-

123 2915 205 2980 tione
227 2913 332 2978 minus
355 2915 464 2988 certae,
486 2913 658 2997 significato
679 2916 875 2998 plerumque,
897 2914 928 2978 in
951 2931 1010 2996 quo
1032 2928 1183 2994 quamque

122 3019 351 3102 probabilitatis
372 3018 470 3102 mado
491 3039 612 3103 ponam.
654 3021 758 3085 'Primi
785 3019 881 3103 igitur
901 3019 1067 3083 occurrunt
1087 3017 1183 3099 poetae

123 3126 232 3192 Graeci.
283 3126 367 3189 Inter
394 3144 497 3189 eorum
525 3145 617 3208 opera
639 3145 705 3210 quae
728 3127 760 3190 st
782 3126 873 3190 atate
895 3128 926 3189 et
950 3123 1101 3207 dignitate
1122 3121 1183 3202 pri-

122 3253 206 3303 mam
229 3233 337 3297 tensut
358 3231 472 3306 sedem,
495 3230 622 3298 Homeri
644 3233 795 3309 carmina,
824 3233 856 3296 in
882 3232 920 3296 iis
943 3247 1035 3313 quam
1060 3227 1184 3309 exiguus

122 3339 163 3403 sit
185 3336 368 3402 coniectura
390 3337 483 3416 loeus,
506 3357 598 3422 supra
621 3344 662 3421 (p.
687 3341 740 3409 95)
763 3337 841 3413 diri;
871 3356 908 3402 ea
930 3337 1012 3400 enim
1034 3333 1099 3398 fers
1121 3330 1185 3396 sola

122 3444 275 3528 attingere
297 3444 409 3526 potest,
437 3462 504 3525 qua
525 3445 799 3527 grammaticorum
820 3441 1006 3508 testimoniis
1029 3456 1090 3504 non
1113 3456 1184 3503 con-

122 3550 247 3614 firmata
274 3547 307 3613 in
335 3547 490 3613 codicibus
517 3549 724 3614 describendis
751 3549 823 3614 inde
845 3568 863 3613 a
886 3547 993 3632 primis
1016 3545 1185 3610 Christiani

122 3655 270 3737 temporis
295 3654 406 3718 seculis
428 3672 448 3718 a
468 3653 600 3718 librariis
631 3657 773 3737 corrupta
801 3672 868 3718 esse
890 3653 1018 3736 possunt
1078 3652 1184 3734 Itaque

123 3761 162 3825 ad
183 3760 250 3825 haec
273 3760 409 3824 carmina
429 3760 506 3825 niliil
526 3760 589 3825 fere
610 3762 719 3844 praeter
748 3760 857 3844 exigua
882 3758 937 3823 illa
963 3776 999 3822 ex
1030 3774 1184 3841 gramma-

123 3865 183 3930 tico
214 3883 344 3950 genere,
386 3885 452 3949 quae
483 3866 552 3931 libr.
579 3867 596 3931 Ι
628 3868 696 3930 e.4
724 3866 827 3948 posui,
859 3864 955 3928 habeo
991 3865 1183 3938 annotatum

124 3990 196 4037 nam
218 3973 314 4036 etiam
337 3972 363 4037 si
390 3971 463 4054 quid
491 3991 523 4037 se
550 3972 660 4038 obtulit
692 3969 853 4054 aliquando
883 3970 1080 4047 coniectura,
1117 3987 1184 4034 eam

124 4078 231 4159 postea
252 4077 317 4142 vidi
338 4079 376 4143 ab
405 4079 473 4143 aliis
501 4080 700 4160 praeceptum
729 4076 815 4140 velut
836 4092 905 4139 oum
928 4093 954 4139 a.
981 4076 1060 4139 1864
1081 4095 1186 4140 mense
