2580 4530
214 227 274 289 312
637 223 696 279 Lib.
714 222 766 280 111.

25 451 29 465 ·
75 407 78 413 ¹
172 429 264 509 rupta
305 426 438 509 graviter
460 425 492 489 ct
519 421 704 505 interpolata
732 439 800 486 esse
827 425 882 490 illa
907 425 984 509 τρία
1005 427 1071 508 μὲν
1098 431 1157 509 ἔτη
1179 442 1235 489 σου

172 532 236 597 ulla
257 531 377 597 numeri
399 530 567 622 mutatione
589 528 691 594 sanari
712 546 809 612 posse,
831 530 891 596 nisi
912 531 1004 596 simul
1018 531 1145 595 tollatur
1158 532 1233 614 μέν.

172 636 286 703 Verum
305 637 375 722 'ipsa
396 636 541 721 temporis
571 633 753 718 significatio
781 636 953 701 necessaria
983 656 1043 702 non
1065 637 1146 714 est3·
1163 655 1234 701 con·

171 743 289 813 timetur
322 743 406 808 enim
432 743 494 807 ilh's
527 742 581 806 καλ
621 733 662 806 οὐ
690 733 857 823 πρότερον
890 742 1048 808 ἐνέδοσαν
1084 767 1114 809 ν.
1145 769 1175 808 a.
1205 745 1233 806 λ.

172 850 326 916 Numerus
363 849 514 914 ternarius
550 845 685 930 pertinet
716 847 754 911 ad
789 848 893 912 ternos
928 867 982 930 pro
1016 849 1085 914 unis
1120 849 1234 925 hostes,

172 957 295 1045 priores,
317 955 499 1030 Sicilienses,
523 953 622 1020 socios
645 953 860 1019 desciscentes.
906 953 986 1034 Quid
1000 955 1097 1020 lateat
1117 954 1151 1018 in
1171 959 1235 1039 μὲν

173 1071 242 1145 ἐτη,
264 1063 346 1126 certo
369 1061 470 1126 dicere
491 1079 623 1143 nequeo;
649 1058 733 1124 venit
759 1062 865 1124 tamen
893 1058 926 1124 in
954 1062 1091 1126 mentem
1114 1061 1235 1144 Thucy·

173 1169 275 1233 didam
298 1167 475 1249 scripsisse:
512 1161 606 1248 ὅμως
626 1171 678 1239 ’ἐς
699 1164 776 1250 τρία
804 1167 907 1250 μέρη
937 1167 1136 1248 (μερισυοὶλ)
1176 1161 1236 1232 α’ν·

173 1289 295 1360 τοῖχον,
329 1286 400 1346 τοῖς
429 1299 466 1338 τε
488 1266 655 1355 πρότερον
676 1265 864 1363 ὑπάρχουσι
887 1273 1066 1356 πολεμίοις
1095 1299 1125 1339 ιι.
1153 1278 1235 1340 al.

272 1381 339 1445 Ibd.
363 1381 412 1456 70,
433 1379 467 1444 3:
493 1374 649 1462 ἐνόμιζον
671 1371 736 1465 γιίρ
758 1374 803 1443 όν
830 1380 993 1463 κρατήσαι
1022 1380 1084 1463 τῆς
1105 1373 1236 1452 πόλεως

174 1475 196 1574 ᾖ
224 1478 431 1569 ἐβούλοντοἰ
467 1485 537 1551 Non
560 1486 661 1570 agitur
697 1485 735 1548 de
762 1484 854 1550 modo
880 1485 1016 1568 potiendi
1043 1488 1132 1563 urhe3
1162 1488 1236 1552 scri-

66 1581 71 1585 ’
173 1583 325 1657 bendum:
370 1596 406 1657 εἰ
443 1585 636 1678 ἐβούλοντο.
691 1589 892 1657 Voluntatem
929 1592 1063 1657 defuisse
1107 1595 1236 1676 populus

158 1685 381 1763 insimulabat.
562 1704 572 1712 ”

273 1805 340 1870 Ibd.
374 1806 427 1880 75,
455 1805 491 1868 4:
520 1799 603 1869 ὥστε
631 1797 712 1875 νοός
746 1805 989 1889 ἐργαζομένους
1012 1804 1066 1869 καί
1089 1797 1132 1868 σοί
1156 1796 1236 1879 ξύλα

173 1905 262 1996 μήτε
284 1907 470 1996 πυρφόροις
492 1915 617 1983 σι’-στοις
637 1901 831 1993 βάλλεσθαι
850 1903 1065 1994 ε’νοῖσφαλείρι
1087 1935 1124 1974 τε
1139 1909 1236 1976 εἶναι.

174 2017 253 2081 Νοσ“
270 2020 352 2082 recte
384 2019 449 2083 haec
477 2021 625 2100 tanquam
652 2017 710 2081 duo
738 2015 859 2080 diversa
884 2016 1043 2099 particulis
1069 2008 1239 2101 μήτε-πί

174 2122 411 2207 distinguuntur.
461 2123 545 2207 Opus
566 2123 747 2187 facientibus
774 2140 834 2187 non
857 2122 914 2187 soli
936 2115 1103 2208 πυρφόροι
1129 2122 1238 2188 edocui

163 2215 299 2294 ⁵molesti
321 2232 416 2294 erant.
439 2229 655 2311 Scribendum:
678 2221 765 2313 μήτε
787 2221 975 2313 πυρφόροις
995 2221 1236 2314 μήσῗιοίουσῑς

46 2372 48 2380 ·
174 2327 368 2418 βάλλεσθαι
396 2341 432 2399 ἐν
462 2327 627 2418 α’σφαλείᾳ
654 2362 690 2400 τε
722 2334 818 2400 εἶναι.
875 2329 1040 2420 Πυρφόρα
1070 2337 1109 2400 ad
1142 2337 1234 2420 ligna,

72 2438 75 2443 ’
174 2441 297 2524 sagittae
313 2439 361 2505 ad
386 2461 460 2524 opus
487 2440 633 2506 facientes
664 2443 828 2525 pertinent,
864 2443 1078 2525 superadditur
1109 2442 1236 2506 effectus

175 2547 214 2611 ad
231 2550 376 2629 utrosque
396 2549 561 2629 pertinens.
978 2583 982 2591 ,

219 2715 222 2719 ,
276 2652 410 2728 Ibd.83‚
432 2657 465 2716 l:
488 2654 567 2736 περὶ
589 2645 650 2724 σοῖς
672 2622 779 2725 αὐτός
801 2646 929 2737 ἡμέρας
950 2653 1013 2736 τῆς
1035 2655 1071 2715 ἐν
1097 2644 1235 2736 Σοροὶσφ

175 2752 297 2845 μάχης.
335 2757 516 2825 Certissima
537 2760 606 2844 lege
629 2760 661 2824 et
681 2759 926 2842 frequentissimo
947 2780 1005 2824 usu
1024 2757 1235 2824 scribendum:

176 2867 254 2950 περὶ
276 2862 338 2938 σός
360 2859 466 2938 αόσοῖς
487 2860 616 2952 ἡμέρας
637 2866 684 2952 τῇ
707 2871 742 2929 ἐν
765 2857 903 2951 Στρόσῳ
926 2857 1045 2952 μάχη.
1095 2853 1152 2940 Π,
1177 2865 1235 2926 101

176 2975 265 3037 exta:
289 2965 467 3038 οἷπέθανεν
491 2967 560 3039 dead
583 2967 644 3044 τός
667 2965 774 3044 adacio
795 2966 922 3059 ἡμέρας
949 2986 1019 3044 τοῖς
1041 2972 1096 3036 ἐπὶ
1115 2970 1236 3056 Δηλίῳ.

175 3081 229 3155 IV,
254 3080 323 3157 129,
340 3083 372 3140 2:
395 3073 464 3146 όπό
481 3077 547 3167 γοὶρ
564 3073 625 3146 τόν
643 3073 750 3145 αὐτόν
760 3074 883 3166 χρόνον
900 3095 971 3154 τοῖς
987 3087 1022 3144 ἐν
1044 3080 1086 3165 τῇ
1099 3071 1236 3163 Λόγιιφ.

177 3185 281 3250 Genus
304 3187 412 3251 erroris
435 3187 539 3252 notavi
560 3209 590 3270 p.
616 3187 665 3249 67.
713 3188 806 3269 Apud
827 3188 930 3269 ipsum
952 3184 1164 3268 Thucydidem
1183 3185 1237 3261 IV,

177 3293 265 3369 46,1
297 3293 382 3382 recte·
404 3294 543 3359 Dobreus
571 3295 615 3369 (et
636 3293 826 3377 Kruegerus)
851 3293 894 3379 τῇ
925 3281 1065 3378 Ἰοτιίνη
1092 3310 1147 3374 pre
1178 3291 1238 3372 τῆς

178 3395 346 3485 ’[στώνης,
368 3419 425 3464 nec
437 3400 538 3463 minus
549 3401 606 3475 ΠΙ,
623 3399 673 3477 82,
697 3399 832 3478 5Ρορρο
856 3391 981 3479 ω’φελίᾳ
1003 3416 1056 3476 pro
1082 3390 1237 3480 ω’φελίας,

176 3507 317 3589 idemque
340 3509 445 3571 contra
467 3508 510 3584 (et
531 3506 719 3590 Kpuogerus)
742 3503 826 3579 Vlss,
858 3502 907 3573 97,
932 3503 945 3560 1
970 3501 1036 3566 iure
1064 3503 1238 3588 μηδεμιᾶς

178 3606 280 3697 ‘felde
303 3633 357 3695 pro
379 3612 529 3697 μηδεμιᾷ
558 3606 654 3699 α’ρχῄ.
706 3608 916 3691 Xenophontis
937 3608 1026 3671 anab.
1048 3608 1117 3687 VH,
1146 3610 1175 3684 6,
1198 3610 1239 3672 30

178 3720 357 3784 etPlatonis
369 3720 449 3803 legg.
461 3720 506 3782 IV
516 3740 545 3800 p.
562 3718 621 3780 718
635 3718 728 3781 Dsuo
740 3715 807 3779 loco
829 3713 989 3797 corrigam.
1024 3714 1060 3776 In
1079 3715 1238 3780 Plutarchi

178 3825 285 3888 Pericl.
301 3828 411 3890 lrecte
421 3824 563 3888 Roishius
581 3823 643 3908 τῆς
654 3822 788 3907 πληγῆς
801 3839 855 3903 pro
871 3821 913 3907 τῇ
925 3820 1050 3904 πληγῇ.
1086 3821 1237 3886 Diodorus

178 3929 237 3994 Sic.
246 3929 385 4008 XIV,20‚
396 3932 431 3994 ut
441 3949 522 3993 nuno
534 3923 738 4004 scribitur(aoi
751 3927 813 4010 τῆς
822 3926 981 3997 Κιλικίας
994 3926 1238 4009 συνορίζοντα),

178 4035 290 4120 Cyrum
302 4038 415 4109 narrat,
432 4038 596 4118 antequam
612 4034 651 4099 ad
662 4035 739 4101 fines
761 4033 874 4099 Oihciae
896 4031 1068 4116 perveniret
1079 4037 1237 4119 (παρεγε-
