2580 4530
224 314 286 376 118¹
661 313 721 368 nih.
740 317 761 366 1.

182 515 254 594 aut,
286 513 314 578 si
343 514 404 580 hoc
429 515 521 582 modo
552 513 661 599 magis
683 532 797 580 sensns
819 515 927 602 potest
947 514 1098 601 exprimi:
1141 514 1244 580 Male

180 619 332 695 vivunt,
367 621 429 703 qui
462 640 610 704 semper
641 621 771 687 vivere
803 621 1020 703 incipiunt,
1054 622 1086 686 et
1101 622 1171 702 397,
1206 623 1243 684 13

182 725 276 805 (aut,
312 726 347 790 si
376 727 445 792 lroo
473 728 585 793 modo
615 728 754 792 melius
781 728 881 792 hunc
916 727 1105 811 explicari
1132 745 1244 811 posse

180 830 338 897 iudicas
370 839 552 907 sensum).
614 833 681 897 His
701 828 828 898 indiciis
853 832 890 897 et
911 833 1003 898 certis
1031 832 1244 898 condicionum

181 936 323 1002 terminis
343 938 410 1002 haec
432 940 517 1008 omni
545 958 580 1003 ex
606 940 695 1021 parte
723 939 886 1022 respondet
907 939 1073 1022 scriptura:
1101 938 1179 1016 vel,
1209 938 1244 1004 si

182 1034 425 1110 commodius
452 1045 500 1111 sic
519 1032 690 1111 transire
713 1045 757 1109 ad
781 1055 848 1110 nos
872 1045 934 1109 hic
955 1045 1064 1132 potest
1084 1062 1242 1109 sensus:

181 1148 348 1232 Egregia
376 1152 434 1221 cet,
483 1151 558 1216 Tres
585 1150 698 1217 litterae
728 1149 884 1215 mutandae
910 1149 1074 1228 fuerans).
1130 1149 1190 1214 Sed
1212 1149 1243 1213 in

181 1254 239 1318 hoc
273 1256 341 1319 loco
370 1243 579 1338 exemplorum
609 1255 705 1321 series
734 1256 873 1334 desinat,
908 1255 1001 1320 modo
1031 1256 1244 1333 adiecerimua

182 1361 296 1443 optime
319 1363 351 1426 in
374 1381 409 1427 eo
424 1361 564 1446 intellegi
582 1380 680 1444 posse,
704 1361 778 1444 quid
793 1361 833 1426 ad
845 1361 1092 1445 emendationem
1106 1364 1139 1426 et
1158 1361 1245 1426 inue-

181 1468 327 1532 niendam
367 1470 399 1533 et
438 1468 679 1533 confirmandam
722 1465 882 1532 conferant
920 1468 1038 1552 similes
1081 1468 1244 1532 eorundem

182 1575 348 1656 aliorumve
370 1574 552 1656 scriptorum
571 1573 630 1638 loci
648 1591 682 1637 ex
694 1571 862 1655 propinquo
885 1573 1040 1648 memoria
1051 1577 1244 1638 occurrentes

183 1682 216 1745 et
236 1679 374 1744 animum
393 1678 426 1743 in
447 1681 566 1744 rectem
587 1679 670 1744 viam
691 1678 900 1744 inducentes.-

282 1786 407 1861 Verum‚
426 1787 471 1850 'ut
492 1780 574 1863 dixi;
597 1787 678 1868 saepe
699 1804 750 1849 res
772 1787 827 1852 aut
844 1804 900 1850 vox
920 1784 1042 1851 indiciis
1063 1785 1244 1862 monstrata,

183 1892 305 1957 etiamsi
326 1910 385 1956 non
403 1889 678 1976 ignotaquaerenti
705 1892 766 1966 est,
789 1894 894 1956 tamen
920 1910 980 1956 non
1002 1892 1087 1957 recto
1107 1891 1246 1973 tempore

182 1997 294 2082 praesto
316 2000 379 2074 est;
400 1998 505 2081 itaque
527 1998 622 2063 etiam
644 1996 748 2081 aliqua
767 1996 800 2062 in
817 2016 852 2063 eo
870 1998 994 2064 fortuna
1013 1997 1072 2073 eet,
1094 1996 1245 2063 1111111-

182 2103 266 2183 dem‚
289 2104 371 2186 quod
383 2112 513 2187 quaeres,
535 2123 643 2171 reeens
657 2087 759 2187 aliqua
773 2103 866 2168 lectio
875 2105 913 2169 'et
926 2102 1076 2169 memoria
1091 2103 1244 2187 suggerat,

182 2208 347 2284 interdum,
376 2210 455 2292 quod
476 2209 590 2274 frustra
614 2210 785 2293 quesieris,
814 2210 997 2292 paulopost
1024 2227 1113 2274 casus
1135 2208 1245 2292 aliquis

182 2313 316 2379 obiiciat.
359 2315 454 2378 Velut
476 2334 546 2379 eum
571 2316 657 2396 apud·
673 2316 875 2380 Plutarchum
896 2314 1065 2401 inlibello,
1095 2333 1154 2397 quo
1176 2334 1245 2379 cum

182 2419 368 2501 principibus
390 2419 464 2484 viris
485 2421 663 2504 philosopho
685 2440 753 2486 csse
768 2420 980 2485 disserendum
993 2421 1132 2502 disputat
1154 2421 1251 2502 (περὶ

183 2527 256 2602 τοὺ,
279 2520 329 2590 ὅτι
353 2519 505 2608 μάλιστα
528 2539 600 2598 τοῖς
621 2519 767 2612 ἡγεμόσι
792 2551 819 2589 κ.
835 2551 865 2614 ‘a
880 2528 922 2614 l.)
945 2527 1204 2610 haecrlegeremc.
1218 2528 1247 2601 2,

184 2634 203 2695 5
226 2639 267 2714 (p.
290 2632 349 2693 777
366 2630 424 2709 Dl:
450 2625 513 2708 Οὐ,
526 2626 591 2718 yolo
614 2627 636 2716 ἡ
658 2637 723 2716 μὲν
745 2625 933 2716 Ἀφροδίτη
960 2647 1035 2706 ταῖς
1057 2633 1120 2698 τοὺ
1142 2657 1247 2716 προσ-

185 2731 292 2803 πόλου
314 2730 530 2824 iloyuaooc'ow
552 2732 712 2824 ἐμήνιεν,
742 2735 793 2804 ὅτι
817 2740 947 2820 πρώταν
969 2739 1072 2822 μίσεα
1094 2733 1247 2825 μηχανή·

185 2869 288 2912 ocuso
310 2848 490 2928 -κὰταχεέιν
510 2848 710 2920 νεανίσκων,
737 2840 762 2929 ἡ
785 2837 973 2928 δὈύρανία
996 2845 1050 2909 καὶ
1066 2837 1248 2927 Καλλιόπη

194 3182 198 3195 Β
212 3107 234 3172 ¹)
253 3109 309 3163 1111
322 3127 426 3182 quoque
439 3129 469 3166 11
479 3115 568 3168 annal.
578 3114 674 3184 philol.
684 3113 792 3168 Danicis
807 3117 819 3166 l
837 3129 863 3182 p.
874 3114 908 3168 43
921 3113 949 3165 et
966 3112 1025 3167 174.
1061 3109 1249 3165 Animadverti

254 3205 335 3265 velim
357 3205 517 3274 speciminis
542 3210 570 3260 et
598 3207 790 3261 admonitionis
822 3222 899 3259 eausa
917 3203 1034 3258 Fickerti
1061 3203 1093 3257 de
1116 3203 1166 3267 hec
1192 3203 1249 3256 leco

255 3285 391 3359 iudicium.
424 3298 646 3353 Patientissimus
658 3301 728 3353 enim
747 3299 867 3353 o'mnium
876 3297 1084 3352 soloecismorum
1103 3296 1131 3348 et
1144 3294 1249 3349 inanis-

255 3390 382 3443 simarum
400 3407 536 3460 nugarum
554 3391 634 3446 homo
652 3392 697 3445 hic
712 3373 810 3456 subito,
828 3391 970 3459 postquam
981 3389 1150 3442 constantem
1162 3387 1250 3441 omni-

257 3499 304 3545 um
326 3482 456 3538 bonorum
476 3487 504 3537 et
526 3484 712 3538 tolerabilium
731 3483 852 3539 codicum
878 3483 1037 3550 scripturam
1053 3480 1142 3550 magis
1158 3480 1249 3548 inqui-

187 3582 188 3587 ’
253 3577 331 3632 navit
348 3577 494 3633 foedissimo
519 3577 765 3631 recentissimorum
783 3576 888 3644 aliquot
913 3575 1033 3629 codicum
1052 3569 1250 3643 interpretandi

257 3674 360 3735 conatu,
380 3671 427 3740 qui
446 3672 508 3741 post
526 3669 565 3723 ad
584 3684 644 3722 uos
661 3668 765 3722 addunt
782 3669 836 3723 uel
854 3684 914 3721 nos
932 3667 971 3721 ad
989 3682 1067 3728 eam,
1086 3665 1176 3719 omnia
1193 3665 1250 3719 haec

255 3764 311 3818 uel
334 3764 364 3831 si
382 3761 601 3826 commodius
621 3791 651 3800 -
672 3761 715 3815 ad
733 3778 805 3816 eam
823 3760 886 3814 tolli
903 3759 963 3815 vult
980 3762 1117 3828 tanquam,
1140 3759 1179 3825 „si
1197 3774 1252 3812 nen

257 3857 290 3909 ab
308 3856 431 3924 Epicure,
451 3859 542 3908 11111111
561 3871 578 3907 a
596 3853 696 3908 Seneca
706 3855 827 3909 aliena“.
845 3855 889 3921 (ln
902 3852 1012 3921 Epicuri
1035 3851 1169 3904 sententia
1187 3849 1251 3903 ferri

256 3952 346 4008 tamen
365 3944 513 4016 oportebat,
534 3963 591 4016 qua
610 3945 644 3999 ab
663 3947 779 4018 Epicuro
797 3964 851 4010 non
870 3945 958 3999 aliena
975 3944 1083 4009 essent.)
1113 3942 1164 3996 Sed
1182 3942 1251 3995 talia

224 4066 227 4072 ·
258 4026 322 4092 su'nt
339 4039 462 4104 infinita,
482 4057 540 4110 qua
559 4037 669 4093 difficile
688 4038 730 4090 est
748 4035 896 4093 condonare
914 4034 1065 4104 diligentia
1084 4035 1113 4087 in
1130 4033 1252 4088 codicum

256 4133 397 4201 scripturis
415 4131 576 4204 colligendis
596 4135 625 4186 et
642 4128 761 4185 edendis.
