2580 4530
218 218 277 283 130
655 222 716 278 Lib.
736 227 758 280 1.
1063 231 1078 277 s

172 417 216 480 sit'
235 412 309 481 κατ’
330 418 453 501 ἔφοδον
463 412 649 504 Ἀρκαδίας
658 419 804 485 invadere
814 420 848 484 in
859 420 989 496 Elidem,
1012 441 1103 488 nemo
1118 422 1236 499 dixerit,

173 522 307 606 nequid
329 522 430 589 dicam
452 523 490 613 de
512 525 588 591 miro
613 526 722 590 horum
743 544 892 591 concursu
915 519 986 591 κατ’
1009 530 1133 612 ἔφοδον
1153 523 1237 612 Ἀρ-

173 629 293 702 κοδίας
324 632 355 694 et
380 635 417 706 ’ἐξ
445 622 571 715 ἐφόδου
603 627 701 696 εἷλεν.
761 629 962 696 Manifestum
991 635 1039 699 est
1068 635 1236 701 Diodorum

95 805 97 810 ,
173 735 297 814 dixisse,
319 754 375 818 per
389 755 482 818 quam
492 737 632 803 Arcadiae
647 739 768 820 partem
780 738 921 801 stlocum
934 738 1103 806 Pausanias
1115 741 1235 808 Elidem

171 842 305 905 intrarit.
342 841 431 905 Nihil
451 843 574 925 propius
595 843 717 908 videtur
738 862 831 926 quam
854 837 956 908 υατοί
985 844 1169 928 Ψοφίδα.
1204 846 1236 911 si

171 951 239 1030 quis
264 947 390 1028 propius
412 948 451 1011 ad
478 948 600 1014 litteras
621 966 732 1012 nomen
753 947 813 1012 loci
836 949 868 1012 in
899 949 1083 1015 occidentali
1104 951 1237 1018 Arcadis

172 1058 212 1123 ad
233 1056 356 1121 Elidem
378 1068 485 1118 remus
507 1055 574 1128 siti,
607 1055 671 1138 apti
698 1053 738 1119 ad
758 1053 842 1119 viani
869 1055 1119 1139 significandam,
1147 1077 1235 1123 mon-

171 1163 286 1240 strarit,
309 1160 489 1243 accipian·
827 1186 830 1190 ·
931 1171 936 1183 '
1012 1190 1017 1201 ·
1106 1191 1114 1200 r
1187 1165 1191 1171 ’

243 1257 251 1286 ”
271 1267 357 1347 (VII)
378 1265 466 1329 Idem
486 1263 570 1343 XIX,
598 1267 637 1327 88
660 1265 698 1330 de
719 1265 825 1349 proelio
847 1265 1103 1361 interAloetan1,
1126 1268 1235 1352 Epiro·

169 1375 273 1438 tarum
294 1390 410 1455 regens,
431 1366 591 1454 filiumque
613 1370 824 1434 Alexandrum
846 1371 878 1435 et
898 1371 1069 1454 Lyciscam,
1090 1373 1235 1440 Macedo-

170 1579 394 1673 ἀνῃρέθησαν
414 1584 535 1648 πολλοί
558 1583 627 1647 τών
649 1581 874 1672 στρατιωτῶν,
898 1587 935 1647 ἐν
955 1579 1005 1656 οἷς
1025 1573 1116 1668 ἦσαν
1137 1581 1234 1651 ἄλλοι

168 1695 205 1756 τέ
222 1690 327 1762 ’τινες
355 1684 601 1773 τῶν*οἷνδρο3ν
623 1689 678 1754 καί
704 1689 868 1761 Μίκυθος
904 1681 923 1753 ὁ
956 1685 1143 1777 στρατηγὸς
1179 1693 1233 1756 καί

170 1793 375 1894 Λύσανδρος
395 1790 589 1881 Ἀθηναῖος
610 1790 629 1862 ὁ
653 1795 882 1868 κατασταθείς
904 1796 960 1861 ἐπὶ
980 1795 1042 1880 τῆς
1054 1793 1234 1872 Λευκάδος

52 1987 55 1990 ,
168 1900 238 1970 deso*
254 1896 503 1987 Κασσάνδρου,
538 1902 617 1968 Mire
630 1901 797 1987 Micythus,
820 1901 872 1984 qui
894 1902 966 1966 ante
987 1902 1111 1968 omnino
1132 1905 1234 1969 nomi·

168 2015 259 2078 natus
280 2030 341 2076 non
365 2011 421 2084 est,
445 2010 547 2076 subito
569 2007 762 2090 imperatoris
783 2006 885 2072 locum
908 2009 1005 2085 tenet,
1029 2027 1120 2091 quem
1142 2010 1234 2095 Lyci-

169 2139 255 2184 scum
277 2117 373 2182 fluisse
395 2115 548 2181 Diodorus
570 2111 766 2195 apertissime
794 2112 870 2177 dixit
892 2106 926 2188 (ὅ
947 2117 1154 2199 τεταγμένος
1176 2118 1231 2181 ἐπὶ

169 2224 230 2308 τῆς
253 2217 484 2304 Ἀκαρνανίας
507 2211 726 2304 στρατηγός)..
769 2219 831 2307 Sed
852 2219 972 2283 adiectu
992 2219 1073 2284 inter
1092 2221 1233 2287 homines

166 2329 376 2405 honestiores,
413 2327 465 2409 qui
498 2324 674 2400 ceciderint,
706 2323 858 2407 Lysandri
887 2325 1085 2391 Atheniensis
1116 2329 1234 2393 mentio

169 2434 245 2498 satis
257 2433 394 2499 ostendit
403 2430 553 2514 scriptum
564 2431 658 2494 fuisse
675 2430 839 2519 Mlaundos
861 2424 1105 2515 choeiseoc.
1121 2506 1125 2525 Α
1140 2434 1231 2498 Illam

167 2539 325 2604 hominum
349 2538 431 2602 ultra
463 2538 573 2621 vulgus
605 2534 742 2607 militurn
775 2536 950 2601 erectorum
972 2536 1231 2620 significationem

166 2630 226 2708 non
253 2660 345 2727 posse
366 2642 523 2735 ⁸contineri
555 2642 623 2706 τών
656 2634 791 2725 α’νδροίν
825 2641 1030 2723 appellatione
1061 2644 1230 2727 apparet¹).

168 2749 301 2821 Poterat
313 2749 417 2815 videri
433 2748 582 2813 excidisse
604 2747 791 2813 adiectivum
806 2748 876 2822 ante
891 2741 1035 2832 sindonis.
1080 2748 1140 2814 Sed
1154 2750 1230 2814 scri-

167 2853 301 2918 bendum
323 2855 371 2918 est
393 2849 536 2918 ἄλλοισί
547 2878 638 2926 τινος
659 2854 727 2919 τῶν
751 2849 896 2938 ἁδρῶν,
918 2855 977 2919 hoe
998 2855 1055 2932 est,
1077 2855 1228 2920 maiorum

167 2962 199 3027 et
229 2959 458 3042 praestantium,
496 2959 645 3042 quomodo
679 2962 746 3043 ipse
765 2961 926 3025 'Diodorus
961 2955 1048 3044 α’δροί
1086 2960 1230 3026 crocodili

168 3061 325 3153 δήγματα
338 3065 474 3148 appellat
484 3067 509 3141 Ι,
527 3066 577 3140 35,
600 3064 763 3151 Dionysius
776 3067 931 3132 Halicarn.
944 3059 1100 3151 νοήματα
1113 3060 1227 3151 ὑψηλοί

168 3176 227 3240 καί·
247 3168 340 3259 ἁδροί.
357 3172 413 3237 καὶ
435 3165 531 3250 καλοί,
553 3171 614 3237 alia
635 3172 699 3251 alii,
720 3173 774 3256 qui
788 3173 820 3237 iu
834 3173 924 3238 Thes.
938 3172 1087 3256 Stephani
1098 3173 1145 3237 ed.
1157 3173 1227 3239 Par.

166 3278 403 3356 nominantur.²)
719 3267 723 3274 ⁸

173 3417 368 3427 Μ...-

195 3447 219 3546 ¹l
238 3479 395 3535 Dindordus
419 3480 449 3533 in
467 3480 563 3547 quarta
587 3476 703 3532 editione
721 3477 858 3532 stellulam
876 3478 1001 3548 apposuit
1018 3475 1109 3532 mendi
1127 3481 1227 3534 natm

193 3565 217 3636 ¹)
237 3568 312 3634 XIX,
331 3570 365 3623 19
383 3566 461 3621 video
479 3566 561 3621 etiam
574 3563 745 3619 Dindorfium
762 3565 791 3618 in
811 3565 875 3621 edit.
894 3567 991 3634 quarta
1008 3565 1229 3620 animadvertisse

236 3662 345 3716 subesse
367 3676 464 3714 nomen
486 3657 639 3729 proprium
664 3673 727 3710 nam
746 3657 913 3720 ἐπικόίωυος
937 3673 1023 3726 neque
1041 3657 1163 3725 Gnaeum
1186 3661 1229 3713 est

235 3769 321 3822 neque
339 3755 433 3823 aptum
450 3751 650 3821 acquiriturque
674 3748 819 3804 manifesto
837 3748 1011 3821 significatio
1026 3767 1079 3820 quo
1098 3751 1141 3805 uia
1158 3751 1228 3805 ferat

235 3848 278 3912 <ut
295 3845 418 3914 sequitur
429 3843 462 3899 de
474 3844 560 3898 altera
568 3843 623 3896 ria:
644 3837 660 3911 ἦ
672 3839 703 3895 δὲ
714 3840 762 3895 διὰ
774 3845 829 3895 τῶν
839 3844 1011 3907 decoctave,
1029 3842 1119 3912 ipsum
1131 3859 1228 3898 nomen

234 3928 279 3992 rix
302 3954 395 3992 verum
412 3940 468 4005 est3
495 3937 564 3992 mihi
586 3936 616 3989 in
638 3936 755 4015 mentm
777 3937 887 3990 renuat
902 3933 1011 3990 subesse
1028 3935 1104 3991 urbis
1121 3953 1227 4002 nornen,

240 4047 327 4100 aqua
340 4029 477 4100 appellata
509 4028 659 4086 Chalonitis
681 4027 766 4097 regio.
