2580 4530
547 239 650 313 cnr.
1033 239 1090 301 rso

61 440 141 505 solvi
166 457 221 504 res
251 438 388 523 poterat3
424 454 499 501 nam
529 434 583 499 ubi
611 431 665 500 ἄν.
685 436 861 501 addendum
894 437 974 509 erat,
1013 435 1134 523 addidit

60 545 231 622 interdum,
254 544 342 609 utin
365 540 580 624 Xenophontis
601 541 831 607 Hellenieorum
853 542 919 606 loco
941 536 1064 614 (οὐδέν’
1087 535 1132 607 ἂν

59 645 242 737 Ἑλλήνων
268 701 275 716 .
299 695 308 713 ·
331 697 340 715 .
365 642 716 731 σῖνδραπσὸισθήναι),
747 648 961 725 subtemina
994 652 1029 714 ut
1045 649 1133 733 apud

60 759 243 831 Diodorum,
258 755 398 823 Siculum
416 753 483 829 XV,
506 753 542 817 51
575 747 839 839 (ὑπελάμβανον
861 748 989 829 αὐτούς
1011 757 1132 840 ῥαδίως

59 859 130 931 dud
159 866 231 929 seda
255 862 484 947 Σπαρτιατῶν
506 861 853 945 καταπολεμηθῆναι,
880 861 999 937 idest,
1029 889 1132 937 ausu·

60 971 313 1055 πσλσριηθήναι
335 962 398 1057 ἄν)δ
434 964 593 1029 tDionem
606 965 676 1030 Chr.
704 970 801 1031 or.74
824 968 1128 1050 (tom.llp.39iR;

59 1091 133 1152 τοῖς
155 1071 328 1160 φάσκουσι
350 1065 490 1156 μήποτε
513 1073 713 1157 καταλιπεῖν
743 1069 807 1156 σήν
830 1069 914 1155 πρός
943 1099 979 1138 oe
1003 1077 1130 1158 φιλίαν,

58 1185 89 1250 id
110 1186 170 1260 est,
204 1175 337 1266 μήποτ’
362 1176 461 1257 ἄνν).
504 1177 642 1242 Eandem
669 1179 752 1255 uiam
781 1177 937 1262 ingressus
959 1183 1008 1253 cst
1028 1181 1130 1249 Sinte-

59 1291 158 1357 nisius
181 1288 215 1352 in
237 1286 401 1352 Plutarchi
431 1283 623 1366 scriptis·(in
646 1283 729 1347 edit.¹
745 1284 982 1362 Teubneriana),
1008 1286 1039 1349 in
1062 1287 1131 1353 aliis

59 1394 266 1479 scriptoribus
288 1391 357 1468 alii3
382 1390 537 1457 Gustatus
559 1389 857 1472 quidembauppius
879 1391 985 1470 (1865)
1007 1392 1048 1457 ad
1067 1392 1130 1458 Xe-

58 1500 227 1586 nophontis
258 1498 347 1563 anab.
372 1497 400 1574 Ι,
421 1498 451 1573 2,
474 1499 503 1570 2,
528 1495 671 1561 restituto
702 1496 784 1561 recte
813 1490 1049 1582 ὑποσχόμενος
1078 1498 1128 1585 μή

58 1601 224 1694 πρόσθεν
253 1596 454 1685 παύσεσθαι
486 1620 540 1684 pro
559 1595 792 1679 παύσασθαι,
824 1601 988 1683 Futurum,
1019 1606 1129 1689 inquit,

57 1717 106 1782 six
128 1732 216 1779 unus
237 1712 317 1776 liber
337 1709 448 1787 habet,
487 1726 568 1771 nunc
604 1709 701 1790 quivis
728 1709 874 1790 postulat,
928 1711 1038 1793 ltaque
1066 1714 1130 1777 iam

58 1836 329 1906 supervacaneum
355 1814 454 1880 videri
474 1815 573 1897 possit
595 1813 632 1877 de
654 1814 800 1879 hocloco
822 1834 955 1897 quaerere
977 1817 1009 1880 et
1030 1816 1130 1882 disse·

57 1948 137 1995 rere.
184 1924 249 1990 Sed
270 1924 416 2006 primum,
440 1919 518 2003 quod
540 1922 677 2002 quemvis
697 1921 851 2002 postulare
872 1919 1022 2003 Sauppius
1045 1923 1129 2003 dicit,

57 2055 118 2101 non
142 2032 287 2117 postulat
307 2028 464 2093 Bekkerus
487 2026 520 2089 in
541 2026 685 2104 Homero,
707 2026 882 2110 Kruegerus
899 2029 930 2091 et
952 2020 1129 2096 Classenius'

32 2202 35 2209 .
57 2144 88 2207 in
110 2135 300 2221 Thucydide
328 2139 378 2213 (ne
401 2132 581 2199 Herbstium
610 2133 723 2209 dicam)
754 2134 887 2197 multum
909 2133 998 2199 abest
1018 2137 1053 2199 ut
1073 2155 1128 2217 po-

58 2246 192 2321 stulent,
217 2241 332 2324 aliique
354 2240 387 2302 in
401 2239 488 2317 aliis,
510 2238 642 2321 ipsique,
665 2239 717 2320 qui
738 2234 896 2327 ποιήσειν
918 2241 950 2302 et
973 2241 1129 2316 δέξεσθαι

57 2374 113 2438 pro
131 2351 281 2432 ποιήσαι
305 2348 337 2409 et
353 2343 515 2417 δέξασθαι
539 2345 697 2425 reponunt,
720 2347 895 2427 relinquunt
917 2347 1034 2437 aliquot
1054 2350 1130 2416 locis

58 2459 232 2525 infinitivus
248 2450 354 2518 aoristi
369 2467 431 2513 non
446 2450 548 2512 minus
564 2449 700 2522 vitiosos,
723 2451 778 2515 sed
793 2451 1007 2518 festinantibus
1027 2454 1130 2520 minus

60 2563 233 2630 emendato
253 2555 368 2632 laches,
392 2555 444 2637 qui
464 2556 524 2619 loci
545 2555 690 2637 quamdiu
711 2556 820 2620 intacti
840 2561 966 2632 restant,
988 2580 1036 2625 res
1058 2581 1130 2626 con-

60 2672 143 2736 lecta
174 2685 237 2731 non
267 2663 315 2726 est
342 2679 441 2743 neque
473 2661 587 2745 effugia
615 2662 764 2743 praeclusa
793 2661 1130 2745 circumspectantibus,

63 2796 136 2842 cum
158 2767 334 2855 praesertim
360 2767 429 2848 ipsa
455 2784 546 2830 causa
567 2787 585 2831 a
609 2767 733 2844 (iubeto,
757 2786 846 2850 quem
867 2770 935 2849 fere!
954 2775 1130 2854 sequuntur,

91 3027 115 3095 ¹)
136 3027 171 3080 In
209 3039 262 3076 uno
290 3021 403 3076 Diodori
431 3020 500 3075 libro
524 3016 589 3077 XIV
608 3025 720 3078 aoristos
742 3028 852 3082 sustulit
877 3028 911 3081 41
937 3028 1130 3098 (χρήσασθαι),

132 3120 172 3175 44
201 3115 443 3185 (κατακτήσασθαι
475 3116 645 3170 coniunctum
677 3134 737 3172 oum
768 3119 922 3191 αὐξήσειν),
965 3126 997 3177 61
1031 3121 1130 3188 (δωρή-

134 3213 244 3265 σασθαι
365 3205 566 3278 ποιήσασθαι),
601 3212 636 3266 95
667 3213 890 3283 (δωρήσασθαι),
921 3216 955 3271 98
983 3222 1130 3281 (caynam-

134 3303 325 3373 κτήσασθαι),
355 3305 408 3357 110
433 3302 642 3371 (ποιήσασθαι),
680 3310 707 3359 ct
729 3311 791 3376 post
813 3308 911 3377 ἐλπίζω
937 3305 1047 3359 verbum
1073 3304 1130 3372 (our

136 3398 189 3452 hoo
214 3411 331 3448 seorsum
357 3410 468 3462 ponam,
491 3399 554 3464 post
572 3397 720 3467 apparebit)
739 3403 773 3456 13
798 3400 919 3467 (πεῖσαι),
946 3400 980 3453 56
999 3395 1130 3464 (ἐπισχεῖν

136 3489 310 3544 coniunctum
329 3503 388 3539 cum
407 3486 576 3556 ἐμφράξαν,
601 3495 672 3545 recte
691 3491 790 3545 factum
810 3489 984 3560 ἐπισχήσειν),
1004 3491 1039 3543 57
1058 3480 1129 3555 (δια-

135 3583 299 3653 νήξασθαι).
350 3579 457 3634 Inouria
488 3581 611 3635 relictum
642 3585 683 3636 est
709 3585 771 3647 XV,
797 3587 813 3638 8
842 3583 926 3650 ἔφησε
957 3586 1131 3652 συγχωρῆσαι

136 3692 186 3746 pro
207 3671 401 3743 συγχωρήσειν.
446 3672 516 3726 Nam
540 3673 613 3738 XVI,
640 3679 681 3740 55,
709 3676 757 3730 ubi
780 3675 880 3729 editur:
914 3675 1129 3745 διιβεβαιώσατσ

136 3774 212 3834 πᾶν,
242 3764 265 3830 ὅ,
290 3786 317 3818 τι
336 3761 371 3818 ἂν
396 3765 508 3835 αἰτήσῃ,
540 3771 713 3834 χαρίσασθαι
743 3769 854 3821 fortasse
872 3767 975 3820 incerta
1002 3768 1060 3820 visa
1087 3768 1130 3820 est

136 3860 283 3923 correctio,
321 3857 448 3925 quoniam
475 3860 631 3924 potentialis
657 3861 785 3914 orationis
811 3859 895 3911 forma
927 3864 997 3924 (πᾶν
1024 3856 1060 3914 dv
1078 3901 1085 3913 .
1100 3899 1128 3914 ..

137 3956 324 4023 χαρίσασθαι)
343 3969 438 4022 parum
456 3956 519 4022 apta
537 3952 656 4017 videtur;
675 3952 742 4006 mihi
755 3949 887 4004 Diodorus
902 3955 1068 4020 paciscatur
1081 3968 1128 4020 pro

136 4049 299 4115 χαριεῖσθαι
317 4062 369 4100 non
388 4045 517 4116 refugisse
535 4047 649 4100 videtur.
