2580 4530
530 284 590 341 Lib.
608 282 657 340 In
1017 284 1077 347 555

162 484 231 548 Ibd.
253 484 317 546 424
344 477 394 562 (3‚'
410 487 461 564 16)
496 484 529 548 in
558 502 649 548 versu
670 482 797 548 Hesiodi
829 483 1024 550 selibendum
1061 485 1124 550 est:

57 594 170 675 παρὲκ
205 583 380 676 Πανόπην
412 591 506 657 δῖαν
538 581 699 675 Γληχωνοί
733 583 762 654 τ’
794 581 957 675 ἐρυμνήν.
1012 587 1126 668 (Codex

57 698 200 781 optimus
223 723 365 783 πανοπη
388 691 466 778 διαί.)
881 739 885 748 -

163 805 231 872 Ibd.
254 806 316 867 429
339 805 379 883 (4,
406 804 470 882 18):
500 797 593 886 πλην
614 805 645 868 εἰ
667 795 748 875 τοτίς
770 801 955 885 Κουρῆτας
961 849 973 878 ,
1007 797 1067 875 οίς
1089 805 1125 867 ἕν

58 913 158 995 μέρει
182 912 323 975 τακτέον
345 911 414 975 των
435 908 644 976 Αἰτωλικῶν.
680 907 761 973 Son:
789 933 825 975 π.
848 912 879 973 εί
899 934 927 974 τ.
950 911 996 974 Κ.
1019 904 1067 981 τίς
1090 914 1127 974 έν

60 1020 157 1099 μέρει
182 1020 323 1082 τακτέον
344 1042 373 1082 τ.
396 1019 475 1083 Ace.

163 1123 231 1187 Ibd.
261 1123 320 1184 431
358 1123 402 1200 (5,
431 1121 478 1199 5):
515 1116 593 1187 οὐδὲ
627 1115 692 1207 χιίρ
728 1117 968 1206 συστρατεύειν
999 1113 1046 1184 ἄν
1079 1120 1124 1204 τῷ

60 1221 213 1314 Ἀχιλλεῖ
241 1221 271 1305 (δ
295 1228 420 1306 Φοίνιξ)
446 1221 584 1302 δόξειεν,
617 1221 702 1291 α’λλοί
734 1221 846 1310 μόνον
881 1221 1002 1313 ὀλίγων
1035 1227 1127 1292 ἐστίν

63 1328 249 1418 ἐπιστάτης
272 1335 325 1399 καί
351 1329 458 1418 ῥητωρ
482 1340 640 1398 ἔσσεσθαι.
673 1333 733 1399 Pro
749 1335 898 1418 corruptis
918 1334 981 1399 illis
1003 1326 1127 1418 ὀλίγων

63 1442 165 1517 ἐστὶν,
197 1459 264 1523 quae
285 1440 457 1506 Meinekius
478 1439 563 1504 facili
584 1439 705 1504 delendi
726 1440 860 1506 remedio
883 1439 1012 1517 sanavit,
1035 1437 1127 1504 scribi
1224 1439 1225 1442 ’

63 1546 158 1613 debet
181 1539 200 1611 ό
211 1549 396 1633 λιγοετεῑ
417 1547 563 1623 (nondum
585 1545 671 1610 annis
693 1547 834 1623 maturo).

164 1652 283 1717 Eadem
297 1673 367 1738 pag.
388 1655 430 1732 (5,
448 1655 484 1730 ii)
507 1654 539 1716 in
562 1651 664 1716 codice
685 1653 801 1735 optimo
823 1652 875 1731 (A)
898 1651 943 1717 sic
965 1650 1125 1716 sen'bitur:

64 1764 99 1823 ἐν
123 1759 157 1824 δὲ
185 1760 228 1845 τῇ
251 1751 338 1845 χοίρςι
356 1756 464 1847 κοίτη
487 1761 540 1824 καὶ
563 1752 601 1823 τό
618 1752 775 1824 Θετίδιόιί
798 1762 867 1822 έστι
889 1757 1037 1842 πλησίον
1059 1757 1128 1823 τῶν

66 1858 254 1948 Φαρσσίλων
268 1859 410 1950 α’μφοῑν,
434 1866 495 1953 της
516 1891 553 1930 τε
576 1865 725 1937 παλαιᾶς
748 1864 803 1928 καὶ
825 1863 886 1948 της
907 1867 997 1938 νέας,
1021 1911 1027 1926 .
1050 1911 1059 1930 .

64 1971 211 2055 (sensere
226 1971 339 2036 litierae
356 1971 480 2050 desunt)
503 1997 520 2044 ς
542 1964 604 2036 ουίι
626 1965 670 2036 σίν
692 1971 754 2036 τοῦ
767 1968 926 2036 Θετιδίου
947 1994 1128 2055 τεκμαιρο-

63 2084 182 2162 μένοις
202 2079 265 2161 τῆς
284 2071 353 2143 ind
379 2079 423 2163 τῷ
446 2071 597 2164 Ἀχιλλεῖ
618 2081 720 2162 μέρος
745 2075 832 2142 εἶναι
859 2077 912 2142 καί
937 2068 1039 2162 τήνδε
1060 2070 1128 2162 την

63 2179 187 2270 χώραν.
236 2183 282 2248 Ex
302 2184 350 2249 his
373 2184 518 2250 efficitur:
549 2186 609 2269 τῆς
633 2187 722 2258 νέας,
752 2183 914 2255 οἰκείως
937 2196 1024 2256 τοῖς
1047 2175 1127 2247 κσλν

65 2298 105 2358 έκ
134 2290 198 2356 τοῦ
224 2290 382 2356 Θετιδίου
409 2293 689 2376 τεκμαιρομένοις
716 2285 780 2374 τῆς
806 2284 875 2355 einen*
904 2290 949 2376 τῴ
977 2283 1129 2376 Ἀχιλλεῖ

63 2401 168 2483 μέρος
191 2397 278 2463 εἶναι
302 2421 329 2461 κ.
354 2423 382 2462 τ.
407 2423 440 2489 τε
457 2420 485 2483 χ.

166 2503 233 2568 Ibd.
242 2503 303 2565 433
327 2504 370 2581 (5,
393 2503 423 2578 9)
447 2504 559 2568 excidii
579 2504 705 2568 verbum
727 2504 765 2568 ob
787 2501 1020 2568 similitudinem
1042 2500 1129 2566 litte·

63 2611 185 2686 rarum}
207 2609 300 2676 scribi
315 2610 395 2693 enim
410 2591 548 2692 oportei:
573 2607 625 2675 ὅτι
649 2611 683 2675 δὲ
698 2605 715 2675 ὁ
733 2602 916 2694 Σπερχειὸς
938 2601 1128 2693 ἐπιχαίριος,

63 2725 99 2781 ε”κ
124 2741 162 2779 τε
184 2714 246 2779 του
267 2718 401 2798 τρέφειν
419 2715 533 2802 ἐκείνῳ
548 2711 611 2800 την
629 2711 741 2801 κόμην
764 2711 906 2799 φοίσκειν
929 2716 1126 2798 ἐμφαίνει

64 2822 120 2887 καί
144 2822 206 2886 τοὺ
227 2814 287 2885 τδν
312 2822 590 2887 Μενέσθιον...
617 2824 803 2908 Σπερχειοὺ
827 2824 986 2909 λέγεσθαι
1010 2821 1128 2887 παῖδα.

64 2925 227 3011 Significat
247 2925 304 2991 hoe
326 2927 477 2992 Homerus
503 2941 554 3006 εο,
586 2929 664 3012 q'und
686 2927 840 2991 Achillem
863 2927 1019 2992 dicentem
1040 2926 1126 3006 fecii,

63 3051 98 3097 se
121 3034 182 3097 cei.

166 3135 383 3220 1bd.435(5,
409 3140 460 3216 13)
495 3140 597 3205 scrib.:
632 3133 699 3205 εἷθ’
722 3139 807 3222 ,ἑξῆς
841 3133 1125 3220 παραπλεύσαντι

65 3243 268 3316 σταδίους
290 3251 354 3327 (pro
377 3247 539 3324 σταδίοις)
563 3230 683 3312 ἑκατόν
705 3239 724 3310 o‘
745 3237 879 3330 Ἐχῑνος
900 3237 1104 3339 ὑπέρκειται.

166 3350 284 3415 Eadem
300 3369 368 3433 pag.
393 3354 435 3431 (5,
462 3356 510 3432 14)
531 3353 635 3418 ποῖοι
669 3347 902 3436 ὁριζομένη
923 3355 989 3433 (pro
1014 3343 1126 3434 ὁριζο-

63 3459 165 3542 μένη)
188 3457 304 3522 τοίνυν
326 3457 409 3540 [ἐκεῖ
430 3458 485 3541 ἐφ]
508 3460 583 3544 εξης
605 3462 696 3526 ἐστίν
714 3451 819 3544 ηὑπό
837 3458 881 3543 τῷ
899 3448 1126 3541 Πρωτεσιλάῳ

65 3588 92 3629 κ.
116 3590 145 3629 τ.
170 3565 198 3627 λ.
242 3562 351 3645 (Panlo
385 3564 464 3627 infra
496 3564 788 3650 inierpungendum:
825 3557 847 3648 η’
880 3555 1054 3645 Πείρασος,
1089 3567 1127 3629 ἐν

64 3670 139 3736 δυσί
161 3668 312 3742 σταδίοις
337 3673 455 3755 ἔχουσα
480 3664 661 3755 Δήμητρος
684 3668 805 3748 ἄλσος.)

164 3775 233 3840 Ibd.
249 3775 310 3839 438
333 3777 374 3853 (5,
400 3777 466 3858 17);
490 3779 544 3842 καὶ
564 3775 638 3861 μην
660 3768 862 3859 πολυῖστωρ,
886 3779 989 3848 εἴτις
1010 3772 1125 3850 ἄλλος,

62 3883 118 3949 καί
135 3877 251 3954 πάντα
267 3875 329 3946 τόν
349 3882 442 3964 βίον,
465 3877 509 3956 τίς
530 3879 634 3958 αι’τδς
656 3887 799 3968 εἴρηκεν,
822 3879 840 3948 ὀ
862 3882 968 3947 ταῦτα
989 3874 1126 3967 μυθετί·

61 3997 165 4057 εσθαι
188 3984 412 4071 βουλόμενος.
462 3988 622 4056 Sententia
648 3988 823 4054 huiusmodi
850 3989 926 4057 suit:
954 3980 999 4063 τίς
1014 3981 1126 4061 αὐτὸς
