2580 4530
229 237 290 302 284
655 231 771 296 tion.
855 246 862 258 '

286 437 352 504 Lib.
373 438 398 515 Ι,
420 433 477 498 82:
575 441 580 453 '

269 537 315 616 τίς
336 535 399 609 ουίι
423 534 638 625 ἀνθρώποισι
662 537 766 607 κακόν
786 538 954 629 μήκιστον
968 553 1157 632 ιέπαυρεῑν,

268 641 403 716 ὁππότε
426 643 603 721 αοίιιείνσυς
625 640 743 735 Λιβύῃ
766 655 815 715 ἔνι
836 645 1060 740 ταρχιίσαντο,

268 747 392 821 τόσσον
413 749 491 828 ἐτός
512 747 653 841 Κόλχον
675 780 703 818 ιι.
728 782 757 821 τ.
780 758 809 821 λ.

186 860 257 926 Νοσ
278 860 394 938 dubito,
416 862 488 946 quin
509 862 616 937 verba,
647 862 813 944 exquibus
835 862 937 928 nullus
958 883 1032 928 sena
1054 867 1240 932 enarratione

186 985 295 1035 sensus
318 965 458 1042 efficitur,
480 969 620 1049 corrupta
642 969 719 1039 sint:
745 969 915 1034 remedium
937 987 996 1033 non
1018 990 1105 1056 προσ
1127 974 1239 1037 eertum

185 1074 248 1148 est3
271 1073 465 1138 scribendum
487 1074 591 1136 tamen
613 1073 761 1155 suspicor:

230 1173 274 1251 οίς
305 1172 367 1244 οιίιι
395 1171 611 1262 ἀνθρώποισι
646 1180 774 1245 κακον
804 1180 937 1265 μῆχος
969 1174 1014 1246 τό
1046 1175 1077 1268 γ’
1109 1175 1241 1249 α’παί-

930 1291 1200 1370 ,ωωυτλ

184 1390 245 1465 (Ita
266 1389 441 1456 hominibus
463 1390 539 1453 moli
562 1388 708 1472 effugium
729 1407 789 1453 non
812 1392 861 1455 est
882 1392 1174 1476 longe‘diseedere.)

282 1486 307 1571 Ι,
330 1495 390 1556 546
415 1494 609 1560 scribendum
630 1511 689 1557 uno
711 1494 857 1561 vocabulo
880 1499 910 1562 in
934 1499 992 1566 duo
1015 1501 1179 1567 distracto:

266 1593 420 1683 α’τραπός
442 1597 485 1674 ίίς
506 1603 655 1686 χλοεροῖο
679 1593 728 1664 δι’
750 1599 1120 1689 εἰδομένη-πεδίοιο.

183 1707 283 1792 Vulgo
306 1708 510 1792 διειδομένη,
533 1707 613 1791 quod
637 1705 714 1769 nihil
737 1708 794 1771 est.

282 1815 307 1892 Ι,
331 1814 390 1876 685
416 1814 465 1878 vel
488 1815 595 1880 eontra
616 1813 824 1877 testimonium
837 1813 1039 1900 Etymologiei
1059 1818 1167 1904 magni
1188 1836 1239 1900 pro

181 1922 310 1986 barbaro
332 1914 492 2004 βώσεσθε
514 1920 603 2003 (quod
621 1937 676 2001 pro
695 1917 867 2003 βιώσεσθε
877 1922 1018 2001 positum
1033 1941 1101 1990 esse
1121 1924 1237 2002 volunt)

181 2027 390 2111 reponendum
411 2027 533 2091 videtur
553 2027 681 2091 verbum
703 2025 917 2090 Homericum:

347 2134 418 2206 πώς
439 2135 548 2216 τῆμος
568 2130 757 2218 βείεσθε,·

283 2239 306 2313 Ι,
332 2238 404 2304 939.
448 2239 508 2303 Hie
532 2258 651 2323 qnoque
673 2238 879 2315 distrahenda,
903 2257 969 2322 quae
990 2239 1186 2305 coaluerunt:

377 2349 479 2431 χέρσῳ
502 2354 591 2422 ἐπι,
614 2339 797 2430 πρηνής,
821 2346 1049 2427 καταειμένος.
1146 2430 1148 2434 Ι

178 2450 289 2514 Editur
313 2444 516 2536 ἐπιπρηνής,
537 2452 617 2535 qnod
638 2470 788 2535 nusquam
810 2449 970 2533 reperitur.

278 2557 345 2622 Lib.
368 2559 410 2636 ΙΙ,
442 2558 481 2619 28
517 2559 689 2623 necessaria
722 2559 754 2622 et
788 2558 873 2621 certa
905 2555 1117 2639 emendatione
1150 2556 1239 2620 uten-

180 2659 340 2727 domest:

480 2775 535 2833 ἐπι
560 2761 589 2834 δ’
610 2766 744 2836 ὄσσεται
767 2760 890 2834 οἰόθεν
911 2766 1001 2833 οἷον
1024 2773 1092 2849 (pro
1115 2766 1198 2845 οἷος)

221 2870 327 2957 ἄνδρα
350 2869 425 2948 τόν,
448 2871 486 2948 ὅς
506 2900 570 2958 μιν
591 2883 694 2950 ε”τυψε
717 2876 923 2960 παροίτατος
945 2866 1016 2940 οὐδ’
1038 2868 1238 2958 ἐδάμασσεν.

179 2979 247 3046 Non
275 2982 375 3055 solus,
408 2981 463 3046 sed
492 2981 581 3047 illum
614 3000 707 3046 unum
743 2984 875 3066 spectet,
907 2981 939 3045 in
973 3000 1042 3045 eum
1077 2998 1172 3044 unum
1207 2997 1239 3044 se

178 3090 261 3152 totus
284 3087 443 3152 convertit.
565 3102 566 3106 ’

277 3194 318 3271 11,
344 3193 383 3254 79
407 3213 487 3276 sqq.:

261 3294 305 3372 nic
327 3293 357 3364 δ’
380 3294 436 3364 ὅτε
459 3289 542 3379 νήϊα
567 3297 672 3384 δοῦρα
693 3307 793 3372 θοοῖς
816 3292 955 3374 α’ντίξοα
978 3290 1126 3384 γόμφοις

261 3400 378 3489 α’νίρες
401 3399 581 3490 ὑληουργοὶ
608 3399 798 3490 ἐπιβλήδην
820 3400 974 3476 ἐλάοντες

263 3513 426 3577 δείνωσιν
449 3504 627 3597 σφύρῃσιν,
653 3505 706 3576 ἐπ’
727 3508 816 3597 ἄλλῳ
839 3502 870 3576 δ’
892 3507 992 3582 σίλλος
1014 3507 1114 3593 ιίηται

262 3618 390 3691 δοῦπος
412 3615 509 3702 ἅδην.

179 3721 324 3800 Verbum,
347 3723 426 3806 qnod
449 3725 497 3788 est
518 3720 603 3807 ἅημι
618 3723 668 3787 vel
683 3719 804 3807 ὅρμοι,
826 3721 1007 3803 Apollonius
1029 3739 1127 3805 neque
1147 3737 1238 3785 usum

181 3827 330 3892 sermonis
353 3846 483 3911 sequens
511 3845 608 3911 neque
635 3825 728 3891 ullius
750 3825 878 3892 Homeri
903 3827 963 3892 loci
989 3825 1238 3909 interpretatione

179 3932 324 4013 deeeptus
348 3933 384 3997 de
407 3952 481 3999 sono
503 3935 535 3998 et
564 3933 695 4015 strepitu
720 3950 836 4014 ponere
865 3933 980 4016 potuit;
1017 3930 1167 4016 quomodo
1200 3930 1238 3993 de

178 4037 280 4102 animo
302 4039 388 4103 moto
411 4039 524 4104 dieitur
545 4038 634 4103 Iliad.
655 4038 740 4114 XXI,
763 4038 833 4116 386,
862 4040 963 4122 poenit
982 4040 1040 4113 ΙΙΙ,
1063 4036 1133 4101 688.
1177 4035 1238 4099 Hie
