2580 4530
203 288 261 349 122
639 285 698 341 Lib.
712 288 740 345 xl.

159 489 257 564 cedit,
290 489 326 566 ut
352 489 424 569 post
451 487 604 553 Caniculae
628 489 761 557 ortum,
794 486 944 551 exhausto·
978 487 1087 552 effectu
1114 487 1223 568 prioris

158 575 471 678 appropinquatione,
518 592 619 657 etesiae
662 590 813 656 desinant.
881 592 1052 674 Scripserat
1083 591 1221 673 Seneca:

158 701 260 765 ultra
304 701 434 763 ‘ortum
479 697 673 763 Caniculae
717 716 788 761 non
831 698 976 774 ualent,
1020 699 1106 782 quia
1149 698 1223 763 iam

159 805 319 870 multum
361 823 377 867 e
411 803 556 887 frigida
592 803 676 866 coeli
709 805 817 884 parte
852 803 888 868 in
919 803 1017 867 hanc
1050 803 1224 882 (submissi-

158 930 240 975 orem
275 929 310 974 ac
337 908 530 991 tepidiorem)
561 907 774 972 coniectum
807 910 871 989 est
895 902 1043 987 ac·so'l‚
1075 912 1222 974 mutato

71 1017 73 1021 ’
160 1035 287 1092 cursu,
315 1015 349 1081 iu
376 1015 524 1080 austrum
551 1014 641 1078 retro
673 1012 802 1077 tendit
831 1016 867 1077 et
887 1015 1049 1079 alteram
1074 1021 1222 1096 partem

159 1123 262 1186 aeris
285 1122 507 1204 (meridianam)
530 1119 711 1196 attrahit,
733 1119 828 1185 illam·
843 1138 928 1187 uero
942 1119 1115 1201 impellit
1137 1135 1223 1192 lcon-

158 1228 301 1304 trariam,
326 1226 609 1308 septentrionalem
632 1226 716 1290 male
733 1224 818 1290 codd.
842 1226 873 1290 et
894 1223 963 1292 edd.
986 1225 1120 1312 aliam„
1144 1226 1221 1308 quod

159 1335 263 1398 Koeler
277 1351 405 1415 prauum
423 1350 489 1396 esse
505 1331 666 1408 intellexit,
688 1332 743 1397 sed
765 1330 926 1395 alteram
947 1330 1093 1397 substitui
1104 1332 1221 1408 voluit).

159 1441 218 1505 Sed
241 1459 278 1503 ne
299 1439 349 1503 hio
371 1426 494 1519 quidem
515 1437 594 1502 teste
617 1422 732 1511 veritas¹
755 1454 877 1518 prorsus
899 1437 997 1514 caret;
1024 1456 1096 1501 nam
1129 1437 1222 1501 codex

158 1544 408 1629 Bambergensis‚
431 1543 568 1607 omnium
601 1543 751 1624 optimus,
784 1561 842 1606 non
878 1543 972 1607 habet
1003 1536 1222 1618 innostra,

158 1651 269 1717 sedin
292 1651 380 1716 ar'a.
742 1706 744 1714 ,

258 1757 370 1822 Omnia
390 1756 421 1818 in
452 1736 625 1819 coniectura
657 1753 701 1819 s'ic
723 1753 828 1817 rettuli
849 1753 898 1818 ¹ad
920 1754 1059 1818 codicum
1081 1753 1222 1838 uestigia,

158 1867 207 1939 ut,
237 1861 359 1926 etiamsi
387 1862 478 1943 plane
512 1861 594 1925 aliud
622 1861 818 1937 vocabulum,
847 1878 884 1924 ac
913 1860 1041 1941 scriptor
1059 1860 1222 1941 posuisset,

158 1969 344 2034 uocabulave
366 1968 416 2032 uel
436 1967 468 2031 in
490 1967 713 2050 antiquissimis
738 1950 892 2037 codicibus
918 1966 1085 2032 substituta
1109 1969 1223 2043 essent,

159 2076 280 2149 tamen,
313 2074 339 2138 si
368 2056 503 2156 aliquam
524 2073 716 2155 interpolatio
736 2072 980 2150 similitudinem
1008 2072 1114 2136 secuta
1141 2073 1226 2136 osset

159 2179 407 2262 reliquissemus,
430 2198 536 2251 vemm
563 2178 688 2269 reperiri
711 2179 958 2262 argumentisque
980 2177 1112 2242 stabiliri
1132 2197 1224 2260 posse

159 2285 308 2359 dicerem,
345 2284 398 2347 ubi
432 2302 556 2364 prorsus
593 2284 670 2347 nihil
701 2303 736 2347 ex
767 2302 839 2348 vera
870 2285 968 2348 forma
996 2284 1034 2357 'iu
1068 2285 1224 2349 codicibus

157 2392 298 2461 restaret,
331 2387 409 2453 nihil
440 2389 611 2451 coniectura
648 2389 730 2453 effici
762 2408 836 2464 nec,
870 2389 1010 2472 quamuis
1043 2391 1224 2472 suspicionis

156 2496 239 2560 iusta
268 2514 360 2558 causa
387 2494 547 2584 appareret
574 2495 627 2557 aut
656 2495 774 2558 certum
797 2496 893 2571 esset,
928 2496 1108 2578 scriptorem
1140 2498 1224 2560 aliud

157 2601 305 2682 posuisse,
336 2599 498 2674 auxilium,
528 2616 586 2679 que
616 2601 741 2682 quidem
770 2601 808 2665 ad
836 2619 942 2664 veram
975 2602 1224 2677 emendationem

158 2698 383 2783 deduceremur,¹
404 2704 502 2768 ullum
525 2721 592 2767 esse
614 2705 673 2769 nisi
694 2707 726 2769 in
745 2705 919 2771 testimonio
939 2726 1013 2772 casu
1033 2708 1156 2773 aliunde
1179 2710 1223 2790 (in

158 2812 279 2876 scholiis
313 2813 366 2875 aut
393 2811 472 2892 apud
503 2811 719 2893 grammaticos
753 2813 868 2880 aliosve
912 2815 1085 2896 scriptores)
1112 2815 1225 2880 oblato.

158 2918 218 2983 Sed
239 2919 344 2992 oritur,
367 2935 445 2991 ecce,
468 2914 723 2994 GuDindorfius,
748 2919 799 3000 qui
816 2919 858 2993 (in
880 2919 995 3003 praefat.
1018 2919 1088 2985 edit.
1111 2922 1225 3003 quintae

158 3026 316 3106 poetamm
352 3022 539 3086 scenicorum
578 3043 607 3104 p.
636 3024 683 3086 ΙΙΙ
714 3025 769 3088 col.
797 3025 829 3100 2)
855 3025 949 3104 hauc,
987 3047 1053 3110 quae
1085 3028 1222 3092 codicum

157 3130 294 3214 vestigius
331 3129 470 3203 insistat,
515 3128 761 3194 emendationem
797 3149 857 3195 non
902 3131 1041 3196 sufficere
1086 3133 1225 3214 disputat

158 3243 189 3301 et
211 3254 311 3318 „saepe
332 3235 408 3299 nihil
431 3233 577 3314 prodesse
598 3234 674 3298 locis
696 3234 825 3318 gravius,
842 3239 1002 3318 corruptis,
1022 3239 1074 3303 ubi
1090 3239 1224 3315 librarii,

160 3361 226 3424 quae
257 3342 288 3405 in
320 3339 541 3422 exemplaribus
580 3340 819 3422 antiquioribus,
854 3342 934 3406 uude
968 3343 1087 3407 codices
1117 3363 1224 3426 super·

158 3440 247 3513 stites
278 3447 424 3531 originem
447 3445 574 3520 ducant,
609 3446 670 3509 situ
699 3449 730 3509 et
753 3449 911 3528 uetustate
942 3448 1071 3531 aliisque
1101 3450 1223 3514 casibus

158 3556 320 3618 obscurata
331 3553 379 3617 uel
387 3550 563 3616 oblitterata
574 3554 685 3628 essent,
694 3553 847 3634 utcunque
855 3553 1026 3618 instaurare
1039 3556 1140 3619 conati
1151 3556 1224 3630 sint,

159 3662 195 3724 et
222 3678 344 3741 prorsus
373 3655 503 3721 absurde
532 3654 670 3718 adhiberi
698 3655 885 3741 corrigendis
913 3677 972 3722 non
999 3661 1105 3741 paucis
1126 3662 1224 3725 inter·

157 3764 329 3846 palatorum
364 3761 562 3833 commentis,
601 3762 653 3844 qui
695 3763 801 3826 muns
841 3766 914 3828 ante
949 3767 1069 3830 nostros
1103 3767 1224 3831 codices

29 3934 33 3943 ,
158 3870 268 3934 seculis
298 3868 447 3950 plurime,
483 3886 549 3950 quae
584 3871 726 3948 corrupta
760 3871 865 3934 essent
891 3871 939 3934 uel
973 3851 1150 3953 quacunque
1184 3871 1223 3936 de

157 3993 248 4038 causa
270 3973 477 4056 displicerent,
498 3974 542 4037 ita
564 3973 603 4037 ad
630 3973 793 4037 arbitrium
815 3993 905 4039 suum
928 3977 1155 4053 confermarint,
1187 3979 1224 4040 ut

157 4078 329 4143 litterarum
365 4078 614 4172 similitudinem,
643 4097 735 4161 quam
757 4079 896 4143 hodierni
924 4080 1022 4145 critici
1050 4083 1223 4146 consectari
