2580 4530
556 246 616 301 Lib.
635 247 657 302 1.
1036 248 1095 311 125

58 466 119 512 non
153 465 242 524 raro,
279 446 333 511 ubi
353 446 451 511 libido
484 448 538 511 aut
564 447 746 512 obtrectatio
769 448 964 530 abripuerat‚
996 451 1138 515 strennus

57 573 229 636 pravorum
252 552 405 619 defensor.
463 606 467 611 .

522 792 608 919 Cep.
629 798 696 902 Ill.

60 987 183 1042 Nomina
202 988 345 1057 proprias
368 985 647 1042 librariisobscurste
670 990 698 1041 et
723 988 831 1042 sublata
848 991 989 1052 eruuntur,
1014 989 1139 1056 quedam·

425 1079 494 1133 falso
511 1080 599 1149 posita
616 1079 769 1136 eiicientur.
1132 1075 1135 1080 ’

166 1184 346 1267 Antequam
388 1183 430 1248 ed
465 1183 635 1265 simplicem
675 1184 828 1249 scribendi
864 1182 1006 1261 formam,
1043 1203 1135 1266 quem

60 1290 141 1354 mihi
165 1290 254 1354 extra
274 1290 355 1354 hunc
377 1289 512 1372 primum
543 1289 656 1355 librum
682 1289 843 1372 proposui,
875 1289 1013 1366 transeo,
1046 1290 1135 1355 utin

61 1393 333 1460 emendationibus
356 1395 569 1477 expromendis
590 1395 771 1478 scriptorum
793 1396 825 1460 et
841 1395 988 1459 librorum
998 1396 1135 1461 ordinem

60 1519 190 1582 sequar,
212 1500 317 1581 placet
326 1502 385 1566 hoe
407 1502 484 1579 loeo,
505 1520 572 1584 qnae
593 1502 626 1565 in
647 1521 708 1567 nno
729 1519 840 1585 genere
857 1501 890 1565 in
912 1500 1033 1582 scriptis
1048 1501 1136 1566 (irae-

60 1624 174 1670 eornm
197 1605 232 1669 et
251 1606 434 1674 Latinorum
456 1607 625 1685 emendavi,
647 1606 833 1672 coniunctim
860 1625 1008 1689 exponere
1031 1607 1062 1670 et
1078 1606 1135 1670 snb

60 1730 164 1775 unum
191 1715 391 1795 conspectum
424 1712 590 1790 adducere,
624 1711 706 1795 quod
737 1713 769 1776 et
803 1711 910 1776 erroris
937 1711 1136 1776 similitudine

62 1821 96 1881 et
124 1817 195 1882 eius
227 1816 458 1883 demonstrandi
483 1819 667 1900 tollentique
695 1818 813 1883 ratione
840 1818 971 1900 cognata
1003 1818 1075 1880 sunt
1104 1819 1136 1881 et
1229 1886 1231 1890 ,

62 1922 268 1988 correctionis
290 1922 447 1989 evidentia
467 1924 530 1988 vim
551 1925 704 2006 quandem
728 1923 911 2008 singularem
933 1921 1136 2003 persuadendi

60 2029 192 2104 babent,
228 2031 331 2110 aptam
365 2029 406 2094 ad
435 2029 527 2099 fidem
548 2031 602 2109 iis,
631 2050 697 2113 qnae
727 2030 872 2112 'deinceps
895 2027 1135 2127 explicabuntur,

61 2134 310 2218 praeparandam,
332 2136 365 2198 et
383 2135 465 2217 qnod
485 2136 588 2200 mendi
609 2135 780 2202 occultandi
793 2134 1135 2211 rudiainitia(maximc

60 2244 94 2306 in
116 2240 302 2306 abiiciendis
330 2240 453 2320 litteris,
476 2261 542 2324 quae
564 2242 673 2306 effecta
703 2243 805 2325 aliqua
836 2242 996 2306 verborum
1032 2241 1134 2322 speeie

61 2347 263 2430 supererant)
290 2347 322 2410 in
351 2346 410 2410 hoc
432 2365 547 2430 genere
571 2366 652 2430 saepe
673 2342 818 2413 eminent.
870 2346 941 2410 Dixi
963 2346 1042 2410 enim
1072 2346 1135 2410 iem

60 2472 170 2536 supra,
192 2452 228 2516 ni
248 2453 347 2528 fallor,
369 2471 430 2517 non
460 2473 528 2518 raro
551 2472 569 2517 a
588 2454 720 2518 librariis
742 2453 865 2518 nomina
893 2452 1015 2535 propria
1036 2452 1135 2515 homi-

61 2579 140 2623 num
176 2559 388 2640 locorumque,
417 2560 512 2641 qnod,
547 2561 579 2624 in
606 2560 751 2625 continue
776 2560 947 2641 praesertim
974 2558 1134 2640 scriptura,

60 2666 178 2748 ignota
205 2664 238 2727 et
263 2683 342 2728 nova
371 2665 467 2729 oculis
494 2666 664 2748 animisque
700 2667 891 2730 occurrerent
914 2669 945 2729 et
974 2684 1053 2746 saepe
1081 2667 1135 2729 ant

60 2776 130 2836 tota
160 2772 217 2834 ant
242 2789 277 2834 er
303 2772 390 2851 parte
419 2770 619 2835 similitudine
645 2771 748 2854 eliqua
774 2756 901 2836 aliarum
923 2790 1030 2836 vocum
1053 2771 1134 2835 deei-

59 2879 187 2960 perent,
210 2876 376 2958 depravata
403 2877 434 2939 et
459 2894 582 2958 prorsus
610 2878 772 2942 obscurata
793 2896 871 2954 esse,
894 2896 964 2941 cum
976 2897 1011 2942 ex
1021 2876 1132 2941 litteris

60 2983 158 3046 unius
181 2981 353 3062 pluriumve
375 3000 482 3045 vocum
504 2981 633 3064 species,
655 2983 792 3048 adhibita
812 2984 884 3061 fere,
908 2984 1132 3065 cumprimum

61 3089 245 3162 aberratum
284 3091 379 3162 esset,
410 3086 654 3168 interpolatione,
685 3089 839 3154 interdum
862 3089 1026 3154 admodum
1053 3086 1132 3165 rudi,

60 3194 251 3263 efficeretur.
294 3193 396 3274 Atque
422 3191 596 3257 huiusmodi
618 3194 730 3258 menda
753 3195 907 3278 permulta
928 3197 960 3259 in
974 3194 1132 3275 utriusque

60 3302 184 3384 linguae
218 3299 401 3381 scriptorum
433 3298 571 3378 operibns
607 3301 718 3382 partim
753 3300 934 3383 iampridem
971 3319 988 3362 a
1025 3298 1131 3381 primis

62 3404 241 3472 editoribus
283 3405 337 3468 ant
373 3404 520 3467 insecutae
567 3406 667 3470 etatis
709 3406 837 3483 criticis,
880 3405 992 3488 partim
1035 3421 1131 3484 nuper

61 3513 192 3578 sublata
225 3511 297 3574 sunt
322 3509 420 3592 (velut
448 3510 598 3574 succurrit
627 3529 663 3575 ex
692 3511 748 3575 hoc
776 3530 886 3594 genere
919 3526 1014 3589 nuper
1050 3506 1132 3588 apud

62 3615 283 3700 Thucydidem
305 3615 331 3692 1,
350 3615 400 3692 61,
425 3615 444 3676 3
465 3617 643 3681 restitutum
665 3636 683 3681 a
704 3616 881 3700 Pluygersio
903 3614 957 3678 ἐπὶ
975 3615 1132 3696 Στρέψαν

63 3744 117 3808 pro
147 3723 429 3804 suscepissemus,
474 3721 554 3803 apud
585 3722 814 3804 Xenophontem
844 3719 915 3784 hist.
944 3718 1041 3784 Graec.
1072 3719 1130 3794 III,

64 3834 99 3906 2,
122 3831 165 3893 30
191 3848 211 3892 a
233 3829 269 3892 L.
292 3826 451 3891 Dindorlio
474 3828 558 3899 Φέας
581 3846 636 3909 pro
659 3829 760 3911 σφέας
782 3827 813 3889 et
833 3826 890 3903 ΙΙΙ,
912 3827 946 3901 4,
969 3824 1009 3884 20
1030 3844 1048 3889 a
1073 3823 1131 3917 (lu

64 3939 163 4005 Tellio
186 3930 336 4002 Ἀδαῖον
357 3953 411 4015 pro
432 3930 536 3998 ἄλλον
558 3935 659 4009 (ΔΑΙ
675 3952 729 4015 pro
745 3932 840 4012 ΛΑ),
862 3931 942 4013 apud
962 3930 1131 3995 lucianum

64 4043 215 4110 Alexand.
235 4041 275 4102 57
292 4060 311 4106 a
331 4040 538 4106 Burmeistero
549 4037 695 4113 Αὔειτος
708 4057 763 4120 pro
778 4029 906 4116 cerdon
926 4037 993 4120 ipse
1013 4040 1135 4119 quoque
