2580 4530
548 259 606 321 1111.
624 258 648 313 Ι.
1047 262 1086 324 81

36 456 379 543 angulisprotractos
400 456 539 523 reditum
553 461 610 525 est
653 458 761 542 Neque
775 459 1018 539 mirandumest,
1040 462 1129 527 iusta

39 564 136 631 borum
166 565 325 629 testium
355 564 540 629 reverentia
575 563 905 648 adiungiperrersam
936 568 1129 649 superstitio·

43 687 103 733 uem
127 668 317 734 hominum
346 688 451 752 neque
476 688 599 734 omnem
620 669 771 748 codicum,
803 671 897 736 etiam
924 668 1128 755 antiquorum,

46 773 259 839 uudicionem
284 775 551 859 perspicientium
572 774 731 858 nequead
751 777 941 843 auctoritatis
955 780 1129 857 strationis

48 882 198 947 ncneuta
227 880 326 947 inter
353 899 389 946 se
420 881 624 965 comparanda
649 880 786 964 iugenio,
812 883 1042 963 exercitatione,
1065 905 1129 950 ser-

51 987 140 1053 nonis
179 1006 370 1070 rerumque
405 986 601 1070 antiquarum
636 985 764 1051 scientia
794 986 870 1052 satis
899 989 1128 1069 instructorum

53 1102 97 1159 aut
123 1112 196 1159 ease
221 1093 353 1171 etiam,
387 1093 440 1175 qui
462 1111 481 1157 a
500 1092 635 1174 simplici
653 1092 782 1157 veritate
805 1093 844 1156 ad
865 1093 1136 1177 interpolationem.

55 1199 309 1283 mplectendam
331 1198 403 1280 ipsa
424 1198 556 1263 licentiae
578 1197 728 1282 singulari
748 1186 1129 1285 magnitudine'tanquam

58 1304 195 1370 tesauro
221 1304 363 1370 inuento
377 1305 498 1388 decepti
517 1304 694 1370 relabantur
702 1302 739 1388 ²).
783 1302 844 1367 Sed
866 1303 904 1368 de
926 1307 991 1371 tcto
1008 1307 1127 1372 hocco-

58 1410 152 1475 dicum
185 1410 401 1493 discrimine,
434 1411 513 1494 quod
539 1411 571 1474 in
593 1429 775 1493 unoquoque
797 1411 942 1493 scriptore
963 1413 1130 1493 separatim

59 1517 258 1583 mutandum
283 1516 350 1593 est,
372 1516 437 1581 dixi
456 1516 518 1581 iam
538 1517 598 1582 hoc
619 1517 683 1580 loco
705 1516 756 1600 agi
777 1535 838 1581 non
859 1536 959 1598 posse.
1004 1519 1131 1584 Brevis-

60 1624 142 1701 sine,
179 1622 272 1706 quod
300 1622 367 1686 dixi
395 1622 433 1688 de
461 1623 589 1704 sublatis
612 1622 783 1687 recentiore
811 1621 1044 1704 interpolatione
1065 1624 1132 1689 veri

60 1729 184 1807 unciis,
209 1746 286 1811 quac
308 1726 411 1808 prima
432 1729 537 1793 mendi
557 1729 656 1794 forma
676 1729 709 1792 in
733 1728 867 1812 antiquis
890 1728 1043 1793 codicibus
1059 1747 1131 1792 con-

60 1836 210 1913 tinentur,
243 1833 369 1898 dnobus
391 1835 546 1917 exemplis,
570 1835 677 1901 eraeco
698 1837 804 1912 altero,
827 1834 922 1898 altero
946 1835 1054 1899 Latino
1076 1835 1131 1899 de·

62 1943 190 2009 curabo.
242 1940 340 2005 Plato
362 1940 445 2023 legg.
466 1940 527 2022 Ip.
542 1941 603 2003 633
624 1940 654 2004 D
676 1940 886 2006 fortitudinem
908 1936 1040 2022 positam
1063 1958 1131 2005 esse

61 2050 127 2114 dicit
145 2050 184 2113 in
208 2045 388 2112 certamine
406 2064 466 2109 non
477 2047 574 2110 solum
590 2065 661 2110 cum
672 2046 832 2110 timoribus
844 2044 1130 2129 et'acgritudinibus,

62 2154 240 2219 sedetiam
273 2169 346 2215 cum
374 2149 535 2216 desideriis
567 2138 599 2216 et
626 2152 835 2236 voluptatibus
858 2153 890 2216 et
910 2150 1131 2217 blandimentis

63 2259 247 2325 adulatoriis
272 2258 443 2335 (θωπείας
465 2250 643 2329 κολακικάς
667 2258 826 2340 appellat),
848 2263 886 2322 αἳ
900 2259 956 2322 eat
970 2258 1036 2322 auio
1051 2285 1102 2344 usp
1117 2295 1133 2307 ·

65 2369 123 2429 νῶν
151 2368 335 2446 οἰομένων
368 2361 456 2427 εἶναι
483 2358 564 2434 τούς
595 2359 734 2447 θυμοὺς
755 2365 928 2429 aurodona
978 2363 1028 2429 Sic
1051 2367 1132 2432 enim

66 2472 177 2537 codices
203 2471 344 2546 habent,
366 2469 453 2533 nulla
476 2468 635 2534 sententia.
683 2469 792 2552 ltaque
814 2470 846 2532 in
869 2470 1024 2535 codicibus
1051 2473 1133 2537 Bek-

65 2578 119 2642 icri
141 2580 175 2661 (e
201 2576 344 2658 septem)
367 2574 484 2641 duobus
506 2575 616 2657 (altero
639 2576 775 2640 omnium
799 2575 927 2659 optimo)
949 2577 980 2639 in
996 2579 1133 2662 margine

66 2684 254 2749 adscribitur
282 2682 393 2761 aperta
414 2680 583 2746 coniectum
605 2683 779 2764 κηρίνους,
816 2681 848 2744 iu
870 2699 931 2744 uno
950 2684 1067 2747 recenti
1089 2685 1134 2748 al·

65 2804 120 2855 trra
142 2807 267 2855 manus
290 2786 349 2851 hoe
369 2787 403 2849 iu
425 2788 566 2851 contextu
586 2788 690 2869 posuit
711 2786 798 2872 (κηρ.
818 2788 1000 2869 accudere),
1021 2788 1053 2852 in
1076 2810 1134 2856 une

66 2897 131 2960 item
155 2891 287 2960 recenti
309 2892 419 2956 statim
441 2893 586 2976 scripturn
610 2896 667 2970 est,
689 2895 745 2958 sed
765 2896 835 2976 post
856 2895 1025 2960 ποιοῦσιν.
1072 2897 1136 2959 De·

66 3003 126 3067 iude
157 3000 282 3065 cadem
313 2997 413 3062 altera
442 3017 550 3063 manus
580 2998 613 3062 in
642 2999 749 3064 eodem
772 3000 876 3064 codice
898 2995 1132 3083 prcldceovouc

65 3108 201 3182 adddit,
233 3105 345 3186 itaque
376 3103 476 3167 editur
502 3105 555 3167 aui
575 3097 809 3186 μαλάττουσαι
834 3110 992 3189 κηρίνους
1015 3109 1136 3170 ποιοῦ-

67 3240 113 3278 cru
135 3215 199 3279 aut
229 3212 268 3293 (a
288 3209 525 3288 recentissimis)
546 3212 669 3275 tentum
695 3237 767 3295 κηρ.
791 3214 959 3289 accudere,
983 3231 1038 3275 nec
1053 3195 1136 3292 quis*-

66 3340 152 3401 ¹,uam
178 3316 277 3393 vidit,
301 3315 335 3379 in
348 3316 485 3397 antiqua
505 3316 655 3401 scriptura
677 3338 770 3383 unam
782 3318 955 3383 addendam
970 3335 1036 3380 esse
1051 3316 1137 3378 litte-

65 3446 141 3505 unu,
165 3428 209 3489 ut
238 3420 416 3487 efficeretur
444 3423 569 3486 verbum
590 3423 744 3505 poeticum
773 3425 804 3487 et
834 3423 957 3504 elegans
986 3421 1024 3482 de
1045 3420 1137 3482 rehe-

197 3629 271 3637 --.-.-

81 3804 100 3861 ¹,
127 3799 215 3854 Nihil
236 3797 267 3849 in
287 3793 339 3846 hoc
358 3805 457 3858 genere
476 3791 625 3858 perversius
644 3808 723 3859 quam
743 3791 814 3859 quod
842 3787 926 3843 1.(1.
953 3788 1138 3857 Zumptiusin

131 3888 277 3948 Ciceronis
303 3882 473 3938 orationibus
491 3884 604 3950 agrariis
629 3888 656 3937 et
676 3901 722 3954 pro
741 3884 852 3936 Murena
870 3880 1016 3944 commisit,
1036 3882 1069 3934 de
1087 3899 1139 3949 quo

132 3986 185 4040 etsi
212 3978 343 4037 Halmius
367 3976 448 4036 dixit,
473 3976 594 4043 quadam
617 3977 684 4030 aiibi
703 3974 805 4029 addam.
852 3971 921 4025 Nam
940 3975 1008 4028 nihil
1030 3992 1061 4028 ex
1083 3976 1140 4028 illis

133 4077 264 4132 sordibus
282 4066 494 4138 relinquendum
512 4071 562 4124 est.

111 4194 222 4230 nubilet!
235 4192 318 4224 Arme.
330 4188 383 4219 (ιη.
926 4165 941 4209 6
