2580 4530
218 265 277 328 254

275 464 342 530 Ibd.
366 465 426 527 468
448 484 531 549 sup:
569 469 600 502 ι·
736 544 738 548 ¹

314 564 402 637 Oddt
428 576 549 658 ’στέγην
570 567 648 658 γαρ,
672 559 700 656 ᾗ
720 576 919 656 usurpatoris
942 567 1053 656 δόμοι,

312 675 425 743 roarolo
448 670 639 763 α’κριβῦοεί
661 674 718 743 όν·
743 685 775 750 ἐς
798 679 832 743 δὲ
854 673 919 762 την
940 673 1045 766 τῦχην

312 780 461 860 πεοοῦσ’,
486 781 572 871 ὅσην
594 780 648 859 σῦς
672 786 743 857 πῶς
765 781 809 850 οἶν
832 787 984 852 ἐκνεῦσαι
1009 787 1138 860 δοκεῑςς

180 889 288 955 Cetera
317 894 463 957 sanarunt
497 891 697 958 Marklandus
731 894 767 956 et'
790 892 1008 957 Valckenarius
1035 892 1190 958 restitutis
1221 881 1244 978 ᾖ

176 1017 230 1079 pro
255 989 295 1080 ἧς
319 1001 350 1062 et
372 994 486 1062 κανοόν
509 991 701 1083 οἷκριβῦσει’
724 992 768 1061 ἄν
796 990 849 1080 pro
873 999 981 1072 καλῶς
1003 993 1243 1083 α’κριβῦοειαν,

178 1104 283 1170 sedin
312 1104 404 1169 tertio
425 1124 525 1177 ,versu
556 1121 680 1180 vereor,
714 1122 752 1168 ne
786 1122 878 1187 grave
909 1096 1020 1169 ‘vitium
1053 1105 1243 1188 reliquerint.

176 1211 258 1274 Nam
280 1213 315 1273 ut
336 1229 415 1274 nunc
429 1210 523 1274 uerba
537 1210 690 1292 leguntur,
714 1210 863 1274 πεσοῦσα
882 1248 919 1256 -
938 1212 1091 1276 ἐκνεῦσαι
1117 1212 1241 1287 δοκεῖς,

177 1316 350 1380 referuntur
379 1314 419 1379 ad
448 1315 611 1380 Phaedram
641 1315 812 1397 (quomodo
833 1319 865 1382 te
885 1320 1078 1383 enataturam
1105 1319 1241 1400 potest).

178 1421 239 1487 Sed
267 1425 299 1486 et
324 1421 431 1486 addita
453 1419 536 1505 ὅσην
560 1415 602 1486 od
628 1420 788 1486 ostendere
810 1422 960 1497 videntur,
984 1424 1022 1488 de
1044 1424 1159 1489 aliare
1182 1423 1244 1488 dici

178 1529 339 1604 πεσοῦσα,
363 1529 395 1592 et
415 1526 460 1591 sic
481 1526 583 1609 priora
606 1527 748 1591 dicuntur
771 1521 861 1594 (οὐδὲ
883 1529 1005 1616 στέγην
1018 1530 1106 1594 initio
1119 1530 1243 1612 posito),

177 1634 262 1699 utin
289 1634 334 1717 cpi
358 1626 474 1698 κανόνι
498 1632 574 1697 δοκε
598 1651 647 1698 res
671 1623 843 1718 comparari
865 1639 1024 1720 appareat,
1050 1638 1179 1721 quarum
1204 1635 1242 1699 ad

177 1740 307 1806 alteram
333 1738 545 1823 aliquomodo
568 1739 792 1806 accommodari
803 1743 836 1806 et
847 1760 915 1806 eam
932 1742 1051 1827 exigere
1073 1741 1178 1825 possit,
1204 1739 1243 1804 ad

178 1847 308 1912 alteram
329 1864 389 1911 nou
411 1845 517 1928 possit.
568 1844 721 1912 Praeterea
742 1865 801 1911 non
825 1847 970 1931 quaeritur
997 1847 1028 1914 lr.
1049 1848 1080 1921 l.,
1104 1847 1243 1929 possitne

177 1952 307 2018 Phaedra
328 1954 451 2018 enatare
473 1954 504 2016 et
523 1949 667 2027 evadere,
689 1952 742 2017 sed
765 1947 857 2036 quam
879 1945 984 2018 severe
1006 1952 1071 2018 vita
1093 1953 1243 2037 erigenda

178 2058 219 2123 sit
270 2059 378 2141 ltaque
400 2056 522 2121 videtur
543 2056 620 2121 mihi
643 2058 804 2142 Euripides
827 2057 1000 2142 scripsisse:

268 2156 454 2237 πεσόνθ’,
477 2159 562 2242 ὅσην
585 2158 639 2238 οῦ,
665 2164 743 2237 ποῖα
758 2160 802 2231 όν
825 2165 977 2255 ἐκνεῦσαι
1003 2165 1126 2238 δοκεῐςι

177 2271 207 2336 h
232 2289 274 2334 e.:
297 2269 323 2334 si
345 2269 383 2333 ad
406 2256 527 2333 tantum
549 2269 676 2334 fortunae
706 2272 815 2334 aestum
842 2270 1001 2336 adhiberet
987 2274 1037 2335 tur
1058 2291 1182 2348 norma
1209 2273 1241 2335 in

177 2375 368 2458 quantumt
368 2394 388 2437 u
354 2373 568 2439 tineidisti
606 2375 753 2456 quantum
783 2374 1002 2440 declinaturum
1029 2379 1143 2513 putas?
1186 2379 1244 2444 Est

178 2481 259 2545 enim
282 2480 358 2546 ab'
343 2472 475 2544 earſtredor
910 2504 913 2508 ·

278 2586 343 2650 Ibd.
368 2585 463 2647 1186:

314 2694 368 2756 καὶ
392 2691 525 2756 θᾶσσον
548 2687 569 2775 ἢ
593 2693 681 2776 λε’γσι
705 2685 768 2766 τις,
795 2697 1019 2778 ἐξηρτυμένας

314 2791 448 2870 πώλους
471 2792 551 2882 παρ’
575 2791 681 2863 αὐτόν
704 2792 876 2884 δεσπότην
903 2793 1105 2884 ἐστήσαμεν.

179 2903 379 2969 Scribendum
410 2907 533 2991 λέγει.
592 2905 699 2986 Ipsum
728 2907 831 2970 autem
859 2924 892 2971 se
921 2906 1047 2970 nuntius
1076 2907 1239 2990 significat,

180 3029 250 3074 cum
272 3037 323 3082 τις
346 3010 436 3086 dicit3
461 3013 547 3098 de'yoc
571 3029 623 3094 pro
648 3011 734 3096 λε’γσι
759 3005 803 3075 ἄν
824 3012 896 3076 ferri
915 3011 1030 3095 nequit.

279 3116 345 3181 Ibd.
382 3117 460 3179 1346
497 3119 628 3188 πένθος
662 3109 796 3183 θεόθεν
830 3116 1045 3203 καταληπτόν
1079 3116 1158 3200 quod
1191 3117 1240 3191 sit,

180 3240 240 3285 non
262 3221 416 3305 intellege,
443 3223 610 3306 opinorque
633 3223 828 3288 scribendum
853 3215 1096 3306 καταβλητό
1104 3249 1139 3297 ν,
1164 3223 1242 3287 divi-

181 3328 262 3391 nitus
285 3327 467 3406 demissum
498 3331 533 3393 ut
556 3328 611 3392 hoc
634 3328 760 3393 accedat
782 3330 927 3413 exemplis
950 3349 1009 3396 non
1031 3329 1156 3402 multis,
1189 3329 1242 3394 sed

181 3433 273 3496 certis
295 3433 483 3498 vocalist
428 3437 499 3499 ante
521 3437 565 3520 βλ
589 3435 705 3516 apudt
706 3437 821 3520 ragiens
844 3436 990 3517 correptae
965 3434 1032 3514 ια’)

283 3540 392 3615 (Dev
420 3541 497 3605 1386
520 3541 580 3605 vid.
604 3560 633 3621 p
658 3542 719 3617 53)

182 3687 379 3713 ..ὲ-4....-

215 3808 237 3874 ¹)
257 3810 288 3861 V.
310 3812 376 3875 1299
395 3811 466 3880 quod
494 3811 663 3872 conlocaram,
692 3808 732 3862 ἐπ’
761 3806 883 3869 εὐκλείας
910 3808 986 3877 &dep
1017 3812 1059 3873 (ut
1086 3825 1145 3861 rum
1173 3809 1242 3861 bona

252 3902 331 3965 fama,
345 3933 376 3941 -
388 3905 416 3959 in
427 3904 589 3973 possessione
599 3903 673 3957 bouae
684 3901 759 3954 fama
768 3930 796 3939 —
806 3901 956 3971 moriatur),
970 3901 1094 3969 pracepit
1103 3899 1241 3964 Reiskius;
1268 3932 1274 3938 ·

252 3994 341 4048 editur
356 3999 460 4061 tamen,
488 3997 558 4065 quod
578 3994 721 4064 significat,
751 3993 782 4044 ut
799 3991 868 4047 bona
888 3991 958 4046 fama
977 3995 1118 4059 (tanquam
1137 3989 1242 4055 morbo)

250 4088 384 4141 moriatur.
