<?xml version="1.0" encoding="UTF-8"?>
<!DOCTYPE html PUBLIC "-//W3C//DTD XHTML 1.0 Transitional//EN"
    "http://www.w3.org/TR/xhtml1/DTD/xhtml1-transitional.dtd">
<html xmlns="http://www.w3.org/1999/xhtml" xml:lang="en" lang="en">
 <head>
  <title>
</title>
<meta http-equiv="Content-Type" content="text/html;charset=utf-8" />
  <meta name='ocr-system' content='tesseract 3.04.00' />
  <meta name='ocr-capabilities' content='ocr_page ocr_carea ocr_par ocr_line ocrx_word'/>
</head>
<body>
  <div class='ocr_page' id='page_1' title='image "./adversariacriti00madvgoog_0229.png"; bbox 0 0 2580 4530; ppageno 0'>
   <div class='ocr_carea' id='block_1_1' title="bbox 204 263 752 326">
    <p class='ocr_par' dir='ltr' id='par_1_1' title="bbox 204 263 752 326">
     <span class='ocr_line' id='line_1_1' title="bbox 204 263 752 326; baseline -0.007 0"><span class='ocrx_word' id='word_1_1' title='bbox 204 263 265 326; x_wconf 79' lang='grc'>210</span> <span class='ocrx_word' id='word_1_2' title='bbox 390 304 392 313; x_wconf 69' lang='lat'><em>,</em></span> <span class='ocrx_word' id='word_1_3' title='bbox 638 265 698 320; x_wconf 85' lang='lat' dir='ltr'><strong>Lib.</strong></span> <span class='ocrx_word' id='word_1_4' title='bbox 712 265 752 322; x_wconf 90' lang='lat'>11.</span> 
     </span>
    </p>
   </div>
   <div class='ocr_carea' id='block_1_2' title="bbox 261 462 447 527">
    <p class='ocr_par' dir='ltr' id='par_1_2' title="bbox 261 462 447 527">
     <span class='ocr_line' id='line_1_2' title="bbox 261 462 447 527; baseline -0.005 -1"><span class='ocrx_word' id='word_1_5' title='bbox 261 462 327 527; x_wconf 87' lang='lat' dir='ltr'><strong>Ibd.</strong></span> <span class='ocrx_word' id='word_1_6' title='bbox 352 463 447 525; x_wconf 74' lang='lat'>1140:</span> 
     </span>
    </p>
   </div>
   <div class='ocr_carea' id='block_1_3' title="bbox 161 560 1230 1400">
    <p class='ocr_par' dir='ltr' id='par_1_3' title="bbox 199 560 1041 869">
     <span class='ocr_line' id='line_1_3' title="bbox 199 560 1041 655; baseline 0.008 -19"><span class='ocrx_word' id='word_1_7' title='bbox 199 615 201 621; x_wconf 91' lang='lat'><em>·</em></span> <span class='ocrx_word' id='word_1_8' title='bbox 243 601 246 606; x_wconf 93' lang='lat'>·</span> <span class='ocrx_word' id='word_1_9' title='bbox 311 562 457 655; x_wconf 76' lang='grc' dir='ltr'><strong><em>Ἀνδρὸς</em></strong></span> <span class='ocrx_word' id='word_1_10' title='bbox 477 595 528 635; x_wconf 83' lang='grc' dir='ltr'>τοι</span> <span class='ocrx_word' id='word_1_11' title='bbox 552 563 590 636; x_wconf 78' lang='grc' dir='ltr'><strong><em>νδ</em></strong></span> <span class='ocrx_word' id='word_1_12' title='bbox 613 575 677 654; x_wconf 76' lang='grc' dir='ltr'><strong><em>μὲν</em></strong></span> <span class='ocrx_word' id='word_1_13' title='bbox 700 560 740 637; x_wconf 78' lang='grc' dir='ltr'>εὖ</span> <span class='ocrx_word' id='word_1_14' title='bbox 762 571 894 641; x_wconf 77' lang='grc' dir='ltr'><strong><em>δίκαιον</em></strong></span> <span class='ocrx_word' id='word_1_15' title='bbox 916 580 1041 643; x_wconf 79' lang='grc' dir='ltr'><strong><em>εἰπεῖν·</em></strong></span> 
     </span>
     <span class='ocr_line' id='line_1_4' title="bbox 314 666 807 761; baseline 0.008 -21"><span class='ocrx_word' id='word_1_16' title='bbox 314 666 473 749; x_wconf 71' lang='grc' dir='ltr'><strong><em>εἰπόντος</em></strong></span> <span class='ocrx_word' id='word_1_17' title='bbox 496 676 531 742; x_wconf 80' lang='grc' dir='ltr'>δὲ</span> <span class='ocrx_word' id='word_1_18' title='bbox 552 670 603 761; x_wconf 76' lang='grc' dir='ltr'>μή</span> <span class='ocrx_word' id='word_1_19' title='bbox 626 671 807 761; x_wconf 70' lang='grc' dir='ltr'><strong><em>φθονεροῖν</em></strong></span> 
     </span>
     <span class='ocr_line' id='line_1_5' title="bbox 313 773 1028 869; baseline 0.004 -23"><span class='ocrx_word' id='word_1_20' title='bbox 313 782 430 858; x_wconf 81' lang='grc' dir='ltr'><strong><em>ἐξῶσαι</em></strong></span> <span class='ocrx_word' id='word_1_21' title='bbox 450 773 602 869; x_wconf 77' lang='grc' dir='ltr'><strong><em>γλώσσας</em></strong></span> <span class='ocrx_word' id='word_1_22' title='bbox 623 775 762 849; x_wconf 76' lang='grc' dir='ltr'><strong><em>σ’δύναν.</em></strong></span> <span class='ocrx_word' id='word_1_23' title='bbox 1025 845 1028 849; x_wconf 90' lang='grc'>,</span> 
     </span>
    </p>

    <p class='ocr_par' dir='ltr' id='par_1_4' title="bbox 161 884 1230 1400">
     <span class='ocr_line' id='line_1_6' title="bbox 262 884 1229 978; baseline 0.006 -26"><span class='ocrx_word' id='word_1_24' title='bbox 262 887 369 972; x_wconf 86' lang='lat' dir='ltr'>Neque</span> <span class='ocrx_word' id='word_1_25' title='bbox 391 890 561 965; x_wconf 83' lang='lat' dir='ltr'>ceterorum</span> <span class='ocrx_word' id='word_1_26' title='bbox 587 889 739 954; x_wconf 81' lang='lat' dir='ltr'>enarratio</span> <span class='ocrx_word' id='word_1_27' title='bbox 761 891 882 972; x_wconf 90' lang='lat' dir='ltr'>probari</span> <span class='ocrx_word' id='word_1_28' title='bbox 903 892 1006 975; x_wconf 89' lang='lat' dir='ltr'>potest</span> <span class='ocrx_word' id='word_1_29' title='bbox 1028 884 1128 978; x_wconf 86' lang='lat' dir='ltr'>neque</span> <span class='ocrx_word' id='word_1_30' title='bbox 1150 893 1229 958; x_wconf 91' lang='lat' dir='ltr'>Din-</span> 
     </span>
     <span class='ocr_line' id='line_1_7' title="bbox 163 991 1230 1072; baseline 0.003 -13"><span class='ocrx_word' id='word_1_31' title='bbox 163 995 252 1061; x_wconf 84' lang='lat' dir='ltr'>dorfii</span> <span class='ocrx_word' id='word_1_32' title='bbox 273 995 446 1060; x_wconf 88' lang='lat' dir='ltr'>ooniootura</span> <span class='ocrx_word' id='word_1_33' title='bbox 468 1002 504 1058; x_wconf 75' lang='grc' dir='ltr'><strong><em>ἔν</em></strong></span> <span class='ocrx_word' id='word_1_34' title='bbox 528 994 706 1072; x_wconf 76' lang='lat' dir='ltr'>scribentis3</span> <span class='ocrx_word' id='word_1_35' title='bbox 728 1014 801 1064; x_wconf 90' lang='lat' dir='ltr'>nam</span> <span class='ocrx_word' id='word_1_36' title='bbox 823 997 861 1062; x_wconf 82' lang='grc' dir='ltr'><em>οό</em></span> <span class='ocrx_word' id='word_1_37' title='bbox 884 991 923 1062; x_wconf 74' lang='grc' dir='ltr'><strong><em>ἓν</em></strong></span> <span class='ocrx_word' id='word_1_38' title='bbox 946 997 1077 1065; x_wconf 70' lang='grc' dir='ltr'><strong><em>δίκαιον</em></strong></span> <span class='ocrx_word' id='word_1_39' title='bbox 1097 1017 1159 1064; x_wconf 94' lang='lat' dir='ltr'>non</span> <span class='ocrx_word' id='word_1_40' title='bbox 1182 1000 1230 1064; x_wconf 89' lang='lat' dir='ltr'>est</span> 
     </span>
     <span class='ocr_line' id='line_1_8' title="bbox 162 1100 1229 1187; baseline 0 -18"><span class='ocrx_word' id='word_1_41' title='bbox 162 1105 253 1169; x_wconf 93' lang='lat' dir='ltr'>unius</span> <span class='ocrx_word' id='word_1_42' title='bbox 275 1101 409 1167; x_wconf 90' lang='lat' dir='ltr'>hominis</span> <span class='ocrx_word' id='word_1_43' title='bbox 432 1100 534 1164; x_wconf 88' lang='lat' dir='ltr'>dioere</span> <span class='ocrx_word' id='word_1_44' title='bbox 555 1118 651 1182; x_wconf 90' lang='lat' dir='ltr'>neque</span> <span class='ocrx_word' id='word_1_45' title='bbox 681 1101 714 1165; x_wconf 88' lang='lat' dir='ltr'>id</span> <span class='ocrx_word' id='word_1_46' title='bbox 734 1102 774 1166; x_wconf 72' lang='lat' dir='ltr'>in,</span> <span class='ocrx_word' id='word_1_47' title='bbox 789 1103 918 1187; x_wconf 84' lang='lat' dir='ltr'>singulis</span> <span class='ocrx_word' id='word_1_48' title='bbox 940 1104 1110 1171; x_wconf 78' lang='lat' dir='ltr'><strong>actionibus</strong></span> <span class='ocrx_word' id='word_1_49' title='bbox 1132 1123 1229 1169; x_wconf 91' lang='lat' dir='ltr'>enun-</span> 
     </span>
     <span class='ocr_line' id='line_1_9' title="bbox 161 1200 1230 1295; baseline 0 -20"><span class='ocrx_word' id='word_1_50' title='bbox 161 1211 267 1275; x_wconf 87' lang='lat' dir='ltr'>tiatur.</span> <span class='ocrx_word' id='word_1_51' title='bbox 313 1205 514 1273; x_wconf 78' lang='lat' dir='ltr'>scribendum</span> <span class='ocrx_word' id='word_1_52' title='bbox 535 1200 574 1282; x_wconf 77' lang='grc' dir='ltr'><em>οό</em></span> <span class='ocrx_word' id='word_1_53' title='bbox 599 1203 641 1275; x_wconf 86' lang='grc' dir='ltr'>οἶ</span> <span class='ocrx_word' id='word_1_54' title='bbox 660 1204 791 1273; x_wconf 78' lang='grc' dir='ltr'><strong><em>δίκαιον</em></strong></span> <span class='ocrx_word' id='word_1_55' title='bbox 813 1213 934 1275; x_wconf 80' lang='grc' dir='ltr'><strong><em>εἰπεῖν.</em></strong></span> <span class='ocrx_word' id='word_1_56' title='bbox 978 1210 1044 1275; x_wconf 88' lang='lat' dir='ltr'>Viri</span> <span class='ocrx_word' id='word_1_57' title='bbox 1064 1211 1125 1284; x_wconf 88' lang='lat' dir='ltr'>est,</span> <span class='ocrx_word' id='word_1_58' title='bbox 1150 1210 1230 1295; x_wconf 85' lang='lat' dir='ltr'>quod</span> 
     </span>
     <span class='ocr_line' id='line_1_10' title="bbox 162 1311 1229 1400; baseline 0.003 -21"><span class='ocrx_word' id='word_1_59' title='bbox 162 1316 222 1400; x_wconf 92' lang='lat' dir='ltr'>ipsi</span> <span class='ocrx_word' id='word_1_60' title='bbox 243 1316 359 1379; x_wconf 88' lang='lat' dir='ltr'>iustum</span> <span class='ocrx_word' id='word_1_61' title='bbox 386 1311 528 1376; x_wconf 86' lang='lat' dir='ltr'>videatur</span> <span class='ocrx_word' id='word_1_62' title='bbox 551 1315 582 1377; x_wconf 91' lang='lat' dir='ltr'>et</span> <span class='ocrx_word' id='word_1_63' title='bbox 604 1312 686 1395; x_wconf 88' lang='lat' dir='ltr'>quod</span> <span class='ocrx_word' id='word_1_64' title='bbox 699 1313 860 1394; x_wconf 75' lang='lat' dir='ltr'>defendat,</span> <span class='ocrx_word' id='word_1_65' title='bbox 883 1316 993 1396; x_wconf 81' lang='lat' dir='ltr'>dicere,</span> <span class='ocrx_word' id='word_1_66' title='bbox 1015 1335 1087 1382; x_wconf 89' lang='lat' dir='ltr'>oum</span> <span class='ocrx_word' id='word_1_67' title='bbox 1109 1316 1229 1391; x_wconf 75' lang='lat' dir='ltr'>dixerit,</span> 
     </span>
    </p>
   </div>
   <div class='ocr_carea' id='block_1_4' title="bbox 64 1417 1229 1506">
    <p class='ocr_par' dir='ltr' id='par_1_5' title="bbox 64 1417 1229 1506">
     <span class='ocr_line' id='line_1_11' title="bbox 64 1417 1229 1506; baseline 0.001 -23"><span class='ocrx_word' id='word_1_68' title='bbox 64 1478 69 1483; x_wconf 85' lang='lat'>.</span> <span class='ocrx_word' id='word_1_69' title='bbox 164 1439 224 1486; x_wconf 95' lang='lat' dir='ltr'>non</span> <span class='ocrx_word' id='word_1_70' title='bbox 245 1419 382 1485; x_wconf 84' lang='lat' dir='ltr'>invidam</span> <span class='ocrx_word' id='word_1_71' title='bbox 404 1417 602 1482; x_wconf 75' lang='lat' dir='ltr'>acrimoniam</span> <span class='ocrx_word' id='word_1_72' title='bbox 626 1417 755 1502; x_wconf 40' lang='lat' dir='ltr'>linguar</span> <span class='ocrx_word' id='word_1_73' title='bbox 772 1440 981 1506; x_wconf 84' lang='lat' dir='ltr'>prorumpere..</span> <span class='ocrx_word' id='word_1_74' title='bbox 1029 1420 1092 1488; x_wconf 76' lang='lat' dir='ltr'>on.</span> <span class='ocrx_word' id='word_1_75' title='bbox 1115 1423 1229 1488; x_wconf 82' lang='lat' dir='ltr'>Eleetr.</span> 
     </span>
    </p>
   </div>
   <div class='ocr_carea' id='block_1_5' title="bbox 149 1513 1232 3499">
    <p class='ocr_par' dir='ltr' id='par_1_6' title="bbox 149 1513 1232 1941">
     <span class='ocr_line' id='line_1_12' title="bbox 163 1513 1231 1613; baseline 0.005 -23"><span class='ocrx_word' id='word_1_76' title='bbox 163 1513 329 1611; x_wconf 62' lang='lat' dir='ltr'>10372&#39;a93</span> <span class='ocrx_word' id='word_1_77' title='bbox 354 1523 399 1610; x_wconf 75' lang='grc' dir='ltr'>σῷ</span> <span class='ocrx_word' id='word_1_78' title='bbox 425 1523 540 1610; x_wconf 77' lang='grc' dir='ltr'><strong><em>δικαίῳ</em></strong></span> <span class='ocrx_word' id='word_1_79' title='bbox 563 1517 638 1608; x_wconf 72' lang='grc' dir='ltr'>δῆτ’</span> <span class='ocrx_word' id='word_1_80' title='bbox 660 1529 868 1594; x_wconf 74' lang='grc' dir='ltr'><strong><em>ἐπισπέσθαι</em></strong></span> <span class='ocrx_word' id='word_1_81' title='bbox 890 1530 1016 1613; x_wconf 36' lang='grc' dir='ltr'>μοιδεῖ.</span> <span class='ocrx_word' id='word_1_82' title='bbox 1062 1528 1231 1596; x_wconf 78' lang='lat' dir='ltr'>Genetivns</span> 
     </span>
     <span class='ocr_line' id='line_1_13' title="bbox 149 1627 1232 1714; baseline 0 -15"><span class='ocrx_word' id='word_1_83' title='bbox 149 1627 336 1709; x_wconf 70' lang='grc' dir='ltr'><strong><em>ἐπιόντος,</em></strong></span> <span class='ocrx_word' id='word_1_84' title='bbox 359 1631 411 1714; x_wconf 92' lang='lat' dir='ltr'>qui</span> <span class='ocrx_word' id='word_1_85' title='bbox 433 1630 594 1699; x_wconf 88' lang='lat' dir='ltr'>nonnullis</span> <span class='ocrx_word' id='word_1_86' title='bbox 620 1631 779 1696; x_wconf 88' lang='lat' dir='ltr'>offensioni</span> <span class='ocrx_word' id='word_1_87' title='bbox 806 1631 879 1711; x_wconf 81' lang='lat' dir='ltr'>fuit,</span> <span class='ocrx_word' id='word_1_88' title='bbox 907 1634 1080 1700; x_wconf 77' lang='lat' dir='ltr'>necessario</span> <span class='ocrx_word' id='word_1_89' title='bbox 1108 1653 1232 1699; x_wconf 88' lang='lat' dir='ltr'>aooom-</span> 
     </span>
     <span class='ocr_line' id='line_1_14' title="bbox 162 1728 1229 1822; baseline -0.002 -17"><span class='ocrx_word' id='word_1_90' title='bbox 162 1734 314 1806; x_wconf 64' lang='lat' dir='ltr'>modatur‘</span> <span class='ocrx_word' id='word_1_91' title='bbox 327 1737 368 1802; x_wconf 88' lang='lat' dir='ltr'>ad</span> <span class='ocrx_word' id='word_1_92' title='bbox 391 1728 524 1822; x_wconf 76' lang='grc' dir='ltr'><strong><em>α’νδρός,</em></strong></span> <span class='ocrx_word' id='word_1_93' title='bbox 545 1736 806 1821; x_wconf 86' lang='lat' dir='ltr'>quemadmodum</span> <span class='ocrx_word' id='word_1_94' title='bbox 821 1731 1023 1819; x_wconf 66' lang='lat' dir='ltr'>aecusativus,</span> <span class='ocrx_word' id='word_1_95' title='bbox 1045 1758 1116 1805; x_wconf 89' lang='lat' dir='ltr'>eum</span> <span class='ocrx_word' id='word_1_96' title='bbox 1128 1740 1229 1805; x_wconf 86' lang='lat' dir='ltr'>dieas:</span> 
     </span>
     <span class='ocr_line' id='line_1_15' title="bbox 156 1836 1059 1941; baseline -0.004 -27"><span class='ocrx_word' id='word_1_97' title='bbox 156 1846 292 1932; x_wconf 64' lang='lat' dir='ltr'>”Attiou</span> <span class='ocrx_word' id='word_1_98' title='bbox 314 1837 375 1941; x_wconf 74' lang='grc' dir='ltr'>χρή</span> <span class='ocrx_word' id='word_1_99' title='bbox 398 1892 406 1909; x_wconf 90' lang='grc'><strong>.</strong></span> <span class='ocrx_word' id='word_1_100' title='bbox 431 1889 438 1905; x_wconf 85' lang='grc'><strong>.</strong></span> <span class='ocrx_word' id='word_1_101' title='bbox 462 1894 470 1908; x_wconf 92' lang='grc'><strong>.</strong></span> <span class='ocrx_word' id='word_1_102' title='bbox 493 1848 616 1919; x_wconf 77' lang='grc' dir='ltr'><strong><em>εἰπεῖν,</em></strong></span> <span class='ocrx_word' id='word_1_103' title='bbox 639 1836 781 1909; x_wconf 78' lang='grc' dir='ltr'><strong><em>εἰπόντα</em></strong></span> <span class='ocrx_word' id='word_1_104' title='bbox 805 1843 839 1909; x_wconf 71' lang='grc' dir='ltr'>δὲ</span> <span class='ocrx_word' id='word_1_105' title='bbox 859 1840 910 1930; x_wconf 73' lang='grc' dir='ltr'>μή</span> <span class='ocrx_word' id='word_1_106' title='bbox 933 1845 1059 1921; x_wconf 80' lang='grc' dir='ltr'><strong><em>ἐξῶσαι.</em></strong></span> 
     </span>
    </p>

    <p class='ocr_par' dir='ltr' id='par_1_7' title="bbox 161 1945 1231 2357">
     <span class='ocr_line' id='line_1_16' title="bbox 260 1945 1228 2037; baseline 0.005 -24"><span class='ocrx_word' id='word_1_107' title='bbox 260 1954 330 2020; x_wconf 82' lang='lat' dir='ltr'><strong>lbd.</strong></span> <span class='ocrx_word' id='word_1_108' title='bbox 353 1951 433 2013; x_wconf 79' lang='lat'>1162</span> <span class='ocrx_word' id='word_1_109' title='bbox 456 1950 551 2015; x_wconf 89' lang='lat' dir='ltr'>oratio</span> <span class='ocrx_word' id='word_1_110' title='bbox 571 1950 617 2015; x_wconf 90' lang='lat' dir='ltr'>sio</span> <span class='ocrx_word' id='word_1_111' title='bbox 637 1951 880 2037; x_wconf 82' lang='lat' dir='ltr'>interpungenda</span> <span class='ocrx_word' id='word_1_112' title='bbox 903 1955 965 2018; x_wconf 88' lang='lat' dir='ltr'>est:</span> <span class='ocrx_word' id='word_1_113' title='bbox 1002 1945 1099 2035; x_wconf 78' lang='grc' dir='ltr'><strong><em>Πρός</em></strong></span> <span class='ocrx_word' id='word_1_114' title='bbox 1121 1955 1228 2024; x_wconf 77' lang='grc' dir='ltr'><strong><em>θεῶν,</em></strong></span> 
     </span>
     <span class='ocr_line' id='line_1_17' title="bbox 163 2049 1231 2151; baseline -0.002 -24"><span class='ocrx_word' id='word_1_115' title='bbox 163 2066 251 2127; x_wconf 77' lang='grc' dir='ltr'><strong><em>εἴτι</em></strong></span> <span class='ocrx_word' id='word_1_116' title='bbox 275 2061 378 2142; x_wconf 67' lang='grc' dir='ltr'><strong><em>σέβει)</em></strong></span> <span class='ocrx_word' id='word_1_117' title='bbox 402 2058 496 2132; x_wconf 83' lang='grc' dir='ltr'><strong><em>ξένον</em></strong></span> <span class='ocrx_word' id='word_1_118' title='bbox 518 2059 706 2132; x_wconf 77' lang='grc' dir='ltr'><strong><em>πέλασσαν,</em></strong></span> <span class='ocrx_word' id='word_1_119' title='bbox 729 2050 845 2151; x_wconf 53' lang='grc' dir='ltr'><strong><em>εὔνοια</em></strong></span> <span class='ocrx_word' id='word_1_120' title='bbox 869 2049 962 2142; x_wconf 73' lang='grc' dir='ltr'><strong><em>πάσᾳ</em></strong></span> <span class='ocrx_word' id='word_1_121' title='bbox 984 2049 1153 2124; x_wconf 64' lang='lat' dir='ltr'>asiduus:</span> <span class='ocrx_word' id='word_1_122' title='bbox 1176 2079 1231 2142; x_wconf 82' lang='lat' dir='ltr'>per</span> 
     </span>
     <span class='ocr_line' id='line_1_18' title="bbox 164 2153 1229 2246; baseline -0.004 -13"><span class='ocrx_word' id='word_1_123' title='bbox 164 2169 247 2243; x_wconf 78' lang='lat' dir='ltr'>deos,</span> <span class='ocrx_word' id='word_1_124' title='bbox 270 2165 297 2230; x_wconf 91' lang='lat' dir='ltr'>si</span> <span class='ocrx_word' id='word_1_125' title='bbox 321 2153 371 2228; x_wconf 84' lang='lat' dir='ltr'>eos</span> <span class='ocrx_word' id='word_1_126' title='bbox 399 2164 522 2240; x_wconf 76' lang='lat' dir='ltr'>vereris,</span> <span class='ocrx_word' id='word_1_127' title='bbox 552 2163 706 2245; x_wconf 77' lang='lat' dir='ltr'>hospitem</span> <span class='ocrx_word' id='word_1_128' title='bbox 733 2164 816 2229; x_wconf 91' lang='lat' dir='ltr'>omni</span> <span class='ocrx_word' id='word_1_129' title='bbox 842 2184 912 2230; x_wconf 84' lang='lat' dir='ltr'>oum</span> <span class='ocrx_word' id='word_1_130' title='bbox 942 2165 1153 2230; x_wconf 83' lang='lat' dir='ltr'>benevolentia</span> <span class='ocrx_word' id='word_1_131' title='bbox 1174 2183 1229 2246; x_wconf 88' lang='lat' dir='ltr'>ap·</span> 
     </span>
     <span class='ocr_line' id='line_1_19' title="bbox 161 2260 1096 2357; baseline -0.009 -19"><span class='ocrx_word' id='word_1_132' title='bbox 161 2271 416 2357; x_wconf 85' lang='lat' dir='ltr'>propinquantem</span> <span class='ocrx_word' id='word_1_133' title='bbox 438 2268 497 2334; x_wconf 90' lang='lat' dir='ltr'>tibi</span> <span class='ocrx_word' id='word_1_134' title='bbox 518 2268 659 2352; x_wconf 84' lang='lat' dir='ltr'>adiunge.</span> <span class='ocrx_word' id='word_1_135' title='bbox 1088 2260 1096 2266; x_wconf 78' lang='grc'><strong><em>’</em></strong></span> 
     </span>
    </p>

    <p class='ocr_par' dir='ltr' id='par_1_8' title="bbox 260 2375 477 2441">
     <span class='ocr_line' id='line_1_20' title="bbox 260 2375 477 2441; baseline -0.018 0"><span class='ocrx_word' id='word_1_136' title='bbox 260 2375 328 2441; x_wconf 82' lang='lat' dir='ltr'>OEd.</span> <span class='ocrx_word' id='word_1_137' title='bbox 349 2393 378 2440; x_wconf 77' lang='lat'>1¹.</span> <span class='ocrx_word' id='word_1_138' title='bbox 401 2375 477 2437; x_wconf 83' lang='lat'>360:</span> 
     </span>
    </p>

    <p class='ocr_par' dir='ltr' id='par_1_9' title="bbox 159 2473 1229 2767">
     <span class='ocr_line' id='line_1_21' title="bbox 299 2473 1106 2574; baseline -0.001 -29"><span class='ocrx_word' id='word_1_139' title='bbox 299 2477 385 2565; x_wconf 81' lang='grc' dir='ltr'><strong><em>Ου’χὶ</em></strong></span> <span class='ocrx_word' id='word_1_140' title='bbox 409 2480 553 2562; x_wconf 75' lang='grc' dir='ltr'><strong><em>ξυνῆκας</em></strong></span> <span class='ocrx_word' id='word_1_141' title='bbox 575 2473 753 2563; x_wconf 68' lang='grc' dir='ltr'><strong><em>πρόσθενς</em></strong></span> <span class='ocrx_word' id='word_1_142' title='bbox 775 2473 798 2562; x_wconf 80' lang='grc' dir='ltr'><em>ἢ</em></span> <span class='ocrx_word' id='word_1_143' title='bbox 821 2480 958 2565; x_wconf 80' lang='grc' dir='ltr'><strong><em>ἐκπιιρᾷ</em></strong></span> <span class='ocrx_word' id='word_1_144' title='bbox 981 2483 1106 2574; x_wconf 65' lang='grc' dir='ltr'><strong><em>λέγεινς</em></strong></span> 
     </span>
     <span class='ocr_line' id='line_1_22' title="bbox 161 2581 1229 2672; baseline 0 -19"><span class='ocrx_word' id='word_1_145' title='bbox 161 2588 323 2654; x_wconf 82' lang='lat' dir='ltr'>Sententia</span> <span class='ocrx_word' id='word_1_146' title='bbox 345 2585 449 2668; x_wconf 85' lang='lat' dir='ltr'>aperte</span> <span class='ocrx_word' id='word_1_147' title='bbox 474 2584 618 2667; x_wconf 82' lang='lat' dir='ltr'>requirit:</span> <span class='ocrx_word' id='word_1_148' title='bbox 637 2581 678 2670; x_wconf 63' lang='grc' dir='ltr'>ἡ,</span> <span class='ocrx_word' id='word_1_149' title='bbox 693 2592 732 2651; x_wconf 79' lang='grc' dir='ltr'>ἐι</span> <span class='ocrx_word' id='word_1_150' title='bbox 751 2587 876 2671; x_wconf 80' lang='grc' dir='ltr'><strong><em>πείρα</em></strong></span> <span class='ocrx_word' id='word_1_151' title='bbox 886 2611 904 2659; x_wconf 85' lang='grc' dir='ltr'><strong><em>ς</em></strong></span> <span class='ocrx_word' id='word_1_152' title='bbox 925 2588 1079 2672; x_wconf 52' lang='grc' dir='ltr'><strong><em>λέγοιμ</em></strong></span> <span class='ocrx_word' id='word_1_153' title='bbox 1101 2606 1141 2652; x_wconf 83' lang='lat' dir='ltr'>an</span> <span class='ocrx_word' id='word_1_154' title='bbox 1158 2589 1229 2654; x_wconf 89' lang='lat' dir='ltr'>ten-</span> 
     </span>
     <span class='ocr_line' id='line_1_23' title="bbox 159 2690 596 2767; baseline -0.007 -8"><span class='ocrx_word' id='word_1_155' title='bbox 159 2693 246 2759; x_wconf 87' lang='lat' dir='ltr'>tandi</span> <span class='ocrx_word' id='word_1_156' title='bbox 267 2693 330 2757; x_wconf 91' lang='lat' dir='ltr'>mei</span> <span class='ocrx_word' id='word_1_157' title='bbox 353 2710 446 2756; x_wconf 89' lang='lat' dir='ltr'>eausa</span> <span class='ocrx_word' id='word_1_158' title='bbox 468 2690 596 2767; x_wconf 77' lang='lat' dir='ltr'>diois?¹)</span> 
     </span>
    </p>

    <p class='ocr_par' dir='ltr' id='par_1_10' title="bbox 159 2798 1227 3499">
     <span class='ocr_line' id='line_1_24' title="bbox 259 2798 425 2865; baseline -0.012 -2"><span class='ocrx_word' id='word_1_159' title='bbox 259 2799 326 2865; x_wconf 90' lang='lat' dir='ltr'>Ibd.</span> <span class='ocrx_word' id='word_1_160' title='bbox 347 2798 425 2861; x_wconf 82' lang='lat'>430:</span> 
     </span>
     <span class='ocr_line' id='line_1_25' title="bbox 297 2894 1102 2990; baseline -0.004 -18"><span class='ocrx_word' id='word_1_161' title='bbox 297 2897 371 2972; x_wconf 78' lang='grc' dir='ltr'>Οὐκ</span> <span class='ocrx_word' id='word_1_162' title='bbox 394 2907 444 2976; x_wconf 81' lang='grc' dir='ltr'>εἰς</span> <span class='ocrx_word' id='word_1_163' title='bbox 466 2900 633 2988; x_wconf 68' lang='grc' dir='ltr'><strong><em>ὄλοθρσνς</em></strong></span> <span class='ocrx_word' id='word_1_164' title='bbox 656 2895 728 2990; x_wconf 74' lang='grc' dir='ltr'><strong><em>οὐχὶ</em></strong></span> <span class='ocrx_word' id='word_1_165' title='bbox 756 2894 909 2981; x_wconf 69' lang='grc' dir='ltr'><strong><em>θοῖσσονς</em></strong></span> <span class='ocrx_word' id='word_1_166' title='bbox 932 2895 973 2967; x_wconf 79' lang='grc' dir='ltr'>οὐ</span> <span class='ocrx_word' id='word_1_167' title='bbox 996 2898 1102 2969; x_wconf 78' lang='grc' dir='ltr'><strong><em>πάλιν</em></strong></span> 
     </span>
     <span class='ocr_line' id='line_1_26' title="bbox 292 2998 1060 3098; baseline -0.001 -23"><span class='ocrx_word' id='word_1_168' title='bbox 292 3008 443 3094; x_wconf 79' lang='grc' dir='ltr'><strong><em>ἄψορρος</em></strong></span> <span class='ocrx_word' id='word_1_169' title='bbox 465 2998 565 3077; x_wconf 75' lang='grc' dir='ltr'><strong><em>οἴνινον</em></strong></span> <span class='ocrx_word' id='word_1_170' title='bbox 584 3003 684 3076; x_wconf 68' lang='grc' dir='ltr'><strong><em>τῶνδ’</em></strong></span> <span class='ocrx_word' id='word_1_171' title='bbox 707 3003 936 3098; x_wconf 63' lang='grc' dir='ltr'><strong><em>ἀποστραφεὶς</em></strong></span> <span class='ocrx_word' id='word_1_172' title='bbox 958 3005 1060 3090; x_wconf 67' lang='grc' dir='ltr'><strong><em>ἄπαις</em></strong></span> 
     </span>
     <span class='ocr_line' id='line_1_27' title="bbox 258 3108 1227 3200; baseline 0.001 -19"><span class='ocrx_word' id='word_1_173' title='bbox 258 3117 326 3181; x_wconf 88' lang='lat' dir='ltr'>Non</span> <span class='ocrx_word' id='word_1_174' title='bbox 349 3117 393 3189; x_wconf 85' lang='lat' dir='ltr'>sie</span> <span class='ocrx_word' id='word_1_175' title='bbox 411 3135 465 3200; x_wconf 87' lang='lat' dir='ltr'>per</span> <span class='ocrx_word' id='word_1_176' title='bbox 479 3136 512 3181; x_wconf 89' lang='lat' dir='ltr'>se</span> <span class='ocrx_word' id='word_1_177' title='bbox 526 3117 706 3200; x_wconf 83' lang='lat' dir='ltr'>interrogari</span> <span class='ocrx_word' id='word_1_178' title='bbox 719 3116 836 3200; x_wconf 86' lang='lat' dir='ltr'>potest:</span> <span class='ocrx_word' id='word_1_179' title='bbox 860 3108 932 3200; x_wconf 74' lang='grc' dir='ltr'>οὐχὶ</span> <span class='ocrx_word' id='word_1_180' title='bbox 958 3115 1105 3192; x_wconf 74' lang='grc' dir='ltr'><strong><em>θᾶσσονς</em></strong></span> <span class='ocrx_word' id='word_1_181' title='bbox 1129 3115 1227 3183; x_wconf 85' lang='lat' dir='ltr'>Sorib.</span> 
     </span>
     <span class='ocr_line' id='line_1_28' title="bbox 159 3213 1010 3309; baseline -0.004 -21"><span class='ocrx_word' id='word_1_182' title='bbox 159 3217 231 3309; x_wconf 77' lang='grc' dir='ltr'>οὐχὶ</span> <span class='ocrx_word' id='word_1_183' title='bbox 254 3225 388 3286; x_wconf 75' lang='grc' dir='ltr'><strong><em>θᾶσσον</em></strong></span> <span class='ocrx_word' id='word_1_184' title='bbox 411 3213 463 3287; x_wconf 80' lang='grc' dir='ltr'>αὖ</span> <span class='ocrx_word' id='word_1_185' title='bbox 484 3216 590 3287; x_wconf 73' lang='grc' dir='ltr'><strong><em>πάλιν</em></strong></span> <span class='ocrx_word' id='word_1_186' title='bbox 608 3225 613 3304; x_wconf 90' lang='grc' dir='ltr'>Ι</span> <span class='ocrx_word' id='word_1_187' title='bbox 633 3217 785 3307; x_wconf 76' lang='grc' dir='ltr'><strong><em>ἄψορρος</em></strong></span> <span class='ocrx_word' id='word_1_188' title='bbox 806 3268 815 3287; x_wconf 90' lang='grc'><strong>.</strong></span> <span class='ocrx_word' id='word_1_189' title='bbox 843 3267 851 3286; x_wconf 90' lang='grc'><strong>.</strong></span> <span class='ocrx_word' id='word_1_190' title='bbox 876 3269 883 3285; x_wconf 93' lang='grc'><strong>.</strong></span> <span class='ocrx_word' id='word_1_191' title='bbox 908 3217 1010 3300; x_wconf 64' lang='lat' dir='ltr'>oium</span> 
     </span>
     <span class='ocr_line' id='line_1_29' title="bbox 259 3325 1227 3409; baseline 0 -16"><span class='ocrx_word' id='word_1_192' title='bbox 259 3328 325 3393; x_wconf 89' lang='lat' dir='ltr'><strong>Ibd.</strong></span> <span class='ocrx_word' id='word_1_193' title='bbox 357 3329 430 3402; x_wconf 71' lang='lat'>624,</span> <span class='ocrx_word' id='word_1_194' title='bbox 464 3329 537 3391; x_wconf 76' lang='lat'>625.</span> <span class='ocrx_word' id='word_1_195' title='bbox 591 3327 634 3391; x_wconf 87' lang='lat' dir='ltr'>Hi</span> <span class='ocrx_word' id='word_1_196' title='bbox 667 3328 726 3393; x_wconf 87' lang='lat' dir='ltr'>duo</span> <span class='ocrx_word' id='word_1_197' title='bbox 759 3346 865 3393; x_wconf 87' lang='lat' dir='ltr'>versus</span> <span class='ocrx_word' id='word_1_198' title='bbox 904 3325 1008 3390; x_wconf 88' lang='lat' dir='ltr'>sedem</span> <span class='ocrx_word' id='word_1_199' title='bbox 1051 3328 1227 3409; x_wconf 88' lang='lat' dir='ltr'>permutare</span> 
     </span>
     <span class='ocr_line' id='line_1_30' title="bbox 161 3433 524 3499; baseline -0.003 -2"><span class='ocrx_word' id='word_1_200' title='bbox 161 3433 524 3499; x_wconf 43' lang='lat' dir='ltr'>mmmmm&amp;</span> 
     </span>
    </p>
   </div>
   <div class='ocr_carea' id='block_1_6' title="bbox 161 3633 359 3640">
    <p class='ocr_par' dir='ltr' id='par_1_11' title="bbox 161 3633 359 3640">
     <span class='ocr_line' id='line_1_31' title="bbox 161 3633 359 3640; baseline 0.005 -1"><span class='ocrx_word' id='word_1_201' title='bbox 161 3633 359 3640; x_wconf 78' lang='lat'>——-—-—-</span> 
     </span>
    </p>
   </div>
   <div class='ocr_carea' id='block_1_7' title="bbox 191 3765 1227 4027">
    <p class='ocr_par' dir='ltr' id='par_1_12' title="bbox 191 3765 1227 4027">
     <span class='ocr_line' id='line_1_32' title="bbox 191 3765 1227 3846; baseline -0.007 -18"><span class='ocrx_word' id='word_1_202' title='bbox 191 3775 212 3845; x_wconf 77' lang='grc' dir='ltr'>ι)</span> <span class='ocrx_word' id='word_1_203' title='bbox 231 3777 264 3831; x_wconf 85' lang='lat' dir='ltr'>V.</span> <span class='ocrx_word' id='word_1_204' title='bbox 294 3779 345 3832; x_wconf 79' lang='lat'>255</span> <span class='ocrx_word' id='word_1_205' title='bbox 375 3771 569 3827; x_wconf 81' lang='lat' dir='ltr'>subabsurdum</span> <span class='ocrx_word' id='word_1_206' title='bbox 599 3775 641 3824; x_wconf 81' lang='lat' dir='ltr'>eet</span> <span class='ocrx_word' id='word_1_207' title='bbox 670 3773 769 3826; x_wconf 78' lang='grc' dir='ltr'><strong><em>κοινῶν</em></strong></span> <span class='ocrx_word' id='word_1_208' title='bbox 801 3768 909 3821; x_wconf 72' lang='grc' dir='ltr'><strong><em>παίδων</em></strong></span> <span class='ocrx_word' id='word_1_209' title='bbox 936 3765 1017 3820; x_wconf 80' lang='grc' dir='ltr'><strong><em>κοινὰ</em></strong></span> <span class='ocrx_word' id='word_1_210' title='bbox 1046 3770 1227 3846; x_wconf 57' lang='lat' dir='ltr'>ganimands«</span> 
     </span>
     <span class='ocr_line' id='line_1_33' title="bbox 229 3858 1225 3936; baseline -0.011 -16"><span class='ocrx_word' id='word_1_211' title='bbox 229 3868 398 3936; x_wconf 85' lang='lat' dir='ltr'>suspicorque</span> <span class='ocrx_word' id='word_1_212' title='bbox 419 3866 468 3920; x_wconf 90' lang='lat' dir='ltr'>sub</span> <span class='ocrx_word' id='word_1_213' title='bbox 487 3862 555 3920; x_wconf 77' lang='grc' dir='ltr'><strong><em>κοίν’</em></strong></span> <span class='ocrx_word' id='word_1_214' title='bbox 575 3862 610 3919; x_wconf 76' lang='grc' dir='ltr'><strong><em>ἄν</em></strong></span> <span class='ocrx_word' id='word_1_215' title='bbox 628 3866 713 3919; x_wconf 84' lang='lat' dir='ltr'>latere</span> <span class='ocrx_word' id='word_1_216' title='bbox 731 3859 927 3916; x_wconf 84' lang='lat' dir='ltr'>substantivum</span> <span class='ocrx_word' id='word_1_217' title='bbox 945 3858 1065 3914; x_wconf 84' lang='lat' dir='ltr'>eiusdem</span> <span class='ocrx_word' id='word_1_218' title='bbox 1085 3863 1225 3932; x_wconf 69' lang='lat' dir='ltr'>significa.</span> 
     </span>
     <span class='ocr_line' id='line_1_34' title="bbox 228 3949 956 4027; baseline -0.012 -16"><span class='ocrx_word' id='word_1_219' title='bbox 228 3959 317 4018; x_wconf 83' lang='lat' dir='ltr'>tionis,</span> <span class='ocrx_word' id='word_1_220' title='bbox 337 3975 395 4027; x_wconf 81' lang='lat' dir='ltr'>qnae</span> <span class='ocrx_word' id='word_1_221' title='bbox 414 3962 456 4012; x_wconf 89' lang='lat' dir='ltr'>est</span> <span class='ocrx_word' id='word_1_222' title='bbox 473 3958 502 4011; x_wconf 91' lang='lat' dir='ltr'>in</span> <span class='ocrx_word' id='word_1_223' title='bbox 521 3957 593 4026; x_wconf 75' lang='grc' dir='ltr'><strong><em>ἔρνη.</em></strong></span> <span class='ocrx_word' id='word_1_224' title='bbox 632 3957 684 4012; x_wconf 84' lang='lat' dir='ltr'>Sed</span> <span class='ocrx_word' id='word_1_225' title='bbox 703 3971 755 4017; x_wconf 84' lang='lat' dir='ltr'>non</span> <span class='ocrx_word' id='word_1_226' title='bbox 772 3949 883 4020; x_wconf 84' lang='lat' dir='ltr'>reperio.</span> <span class='ocrx_word' id='word_1_227' title='bbox 954 3990 956 3994; x_wconf 54' lang='grc'><em>»</em></span> 
     </span>
    </p>
   </div>
   <div class='ocr_carea' id='block_1_8' title="bbox 0 0 1294 4530">
    <p class='ocr_par' dir='ltr' id='par_1_13' title="bbox 0 0 1294 4530">
     <span class='ocr_line' id='line_1_35' title="bbox 0 0 1294 4530; baseline 0 0"><span class='ocrx_word' id='word_1_228' title='bbox 0 0 1294 4530; x_wconf 95' lang='lat' dir='ltr'> </span> 
     </span>
    </p>
   </div>
  </div>
 </body>
</html>
