2580 4530
522 265 581 341 Lib·
600 265 652 320 111·
1013 265 1075 330 aaa

132 463 297 540 „iborae
313 467 402 530 extr:
427 466 481 529 καί
506 469 538 536 ἐς
562 459 601 528 τό
624 458 747 530 λοιωόν
769 458 800 541 (ὁ
822 465 1027 549 Περδίκκας)
1049 469 1117 534 τῶν

61 569 350 656 Πελοποννησίων
366 571 409 659 τῇ
425 574 491 655 μὲν
512 561 642 656 χναίχιχ
655 565 697 634 δι’
717 563 932 665 Ἀθηναίους
954 566 996 639 οὐ
1017 556 1118 659 ἐύνῆ-

59 682 116 749 «λι-ς
136 689 242 760 ,ιιῑσος
270 676 387 763 εἶχεν,’
411 655 480 742 τῶν
506 677 540 742 es·
565 671 760 761 α’ναχίιαίων
789 670 970 762 ξομφόρων
999 679 1116 747 διανα-

58 779 135 856 οειίς
157 784 351 868 ἔπρασσεν,
377 780 442 870 ὅτω
465 775 580 869 τρόπω
603 774 741 867 τιίχιστα
764 797 835 856 τοῖς
858 787 923 869 μὲν
946 783 1118 870 ξυμβήσε-

57 914 118 962 ται,
146 889 218 954 τῶν
248 890 283 954 δὲ
316 883 556 966 α’τιαλλοίξεται.
610 888 718 982 Neque
750 888 865 953 dicitur»
893 888 1116 979 διαναστῆναι

56 995 119 1060 τῶν
141 991 330 1080 ξαμφόρων
351 1015 449 1080 neque
461 996 623 1061 Perdiccas
634 994 769 1060 utilitate
783 996 956 1082 necessaria
975 1000 1117 1083 neglecta

56 1100 325 1167 aLacedaemoniis
337 1103 376 1166 ad
387 1102 593 1167 Athenienses
608 1100 740 1165 transire
758 1101 908 1184 cupiebat,
933 1103 996 1179 sed,
1020 1123 1116 1187 qnan-

55 1226 142 1290 quam
154 1206 256 1271 animi
267 1206 420 1273 sententia
431 1210 553 1292 propter
562 1206 800 1281 Atheniensium
812 1196 940 1274 'iniurias
959 1209 1116 1276 insolitum

55 1314 78 1377 ei
99 1316 168 1379 erat
190 1313 432 1396 Peloponnesios·
450 1314 569 1390 odesse,
591 1315 696 1376 tamen
718 1313 851 1378 utilitate
875 1316 1002 1399 cogente
1023 1336 1056 1382 sc
1078 1319 1116 1382 ab

55 1419 88 1485 iis
120 1419 328 1497 removebat„
369 1419 569 1484 Scribonium
600 1417 713 1503 igitur:
752 1421 802 1503 τῷ
838 1419 871 1484 ot
904 1415 1116 1510 α’ναγκαίῳ

56 1517 248 1610 ξαχιφόρω
272 1520 454 1600 διαναστάς
476 1517 674 1606 (occurens).

149 1630 220 1696 Ibd.
246 1631 316 1706 133,
338 1637 374 1696 2:
398 1637 430 1698 οἱ
449 1632 483 1697 δὲ
505 1627 614 1713 οίλλιχν
637 1632 759 1712 ἱέρειαν
782 1636 816 1696 ἐκ
839 1632 901 1696 τοῦ
922 1625 1033 1714 νόμου
1055 1638 1117 1701 τοῦ

56 1741 286 1824 προκειμένου
321 1731 569 1822 κατεστήσαντο
604 1737 764 1802 Φαεινίιλα
801 1733 951 1819 ὄνομα..Ι
984 1739 1117 1830 Miratur

55 1844 233 1930 Kmegerus
255 1844 395 1909 additum
416 1845 479 1909 τοὺ
510 1846 736 1928 προκειμένου
759 1842 852 1927 (quod
873 1844 993 1926 proprie
1013 1847 1116 1928 palam

56 1952 187 2032 positam
212 1951 245 2015 et
265 1946 358 2012 fixam
379 1949 558 2031 significan
581 1970 635 2034 ego
658 1950 689 2013 et
709 1950 808 2032 ipsam
831 1947 907 2030 legis
930 1950 1116 2016 mentionem

56 2057 83 2119 in
103 2057 162 2121 tali
187 2074 222 2120 re
244 2053 339 2119 miror
366 2054 427 2131 (vix
456 2057 538 2120 enim
560 2044 731 2140 cogitarant
756 2053 791 2117 in
810 2054 877 2138 lege
899 2054 1054 2121 condenda
1077 2056 1114 2122 de

56 2163 124 2246 iuga
146 2161 329 2238 sacerdotis)
354 2163 386 2225 et
407 2167 442 2225 ἐκ
464 2163 527 2226 τοὺ
548 2156 670 2245 νόμου,
694 2161 775 2244 quod
793 2179 854 2226 non
871 2160 998 2224 memini
1010 2160 1116 2228 Graece

54 2267 109 2331 dici
130 2285 188 2349 pro
212 2259 316 2353 νόμῳ.
354 2268 463 2352 Itaque
475 2269 684 2352 Thucydidem
707 2265 865 2349 scripsisse
887 2267 1010 2330 tantum
1032 2269 1114 2334 arbi-

53 2376 129 2437 tror:
154 2378 192 2436 ἕκ
214 2372 277 2438 τοῦ
299 2376 536 2458 προκειμένου,
558 2375 614 2439 hoc
625 2376 682 2452 est,
697 2392 751 2456 pro
763 2392 795 2436 re
806 2373 881 2437 nata
902 2374 934 2437 et
955 2381 990 2436 ex
1011 2392 1115 2438 rerum

53 2483 143 2556 statu,
166 2478 221 2562 qui
234 2481 362 2544 effectus
376 2483 451 2545 erat.
484 2480 606 2546 Novum
622 2481 704 2544 enim
720 2480 778 2543 hoc
792 2479 858 2543 erat
869 2496 925 2542 nec
938 2478 1113 2560 provisum3

53 2605 104 2650 nec
115 2586 252 2668 alioquin
267 2585 382 2650 licebat
392 2605 500 2652 novam
515 2587 705 2652 sacerdotem
715 2585 815 2650 facere
826 2585 925 2667 priore
936 2585 1015 2650 viva.
1056 2585 1115 2666 Qui

52 2691 257 2774 interpolavit,
279 2692 512 2770 nonintellenit
536 2692 607 2776 quid
631 2693 713 2757 esset
735 2697 769 2754 ἐκ
792 2692 854 2756 τοῦ
877 2695 1112 2775 προκειμένου.

54 2797 128 2871 (ce.
154 2798 196 2860 ad
217 2797 275 2875 III,
300 2801 347 2872 12,
372 2801 413 2877 2.)

151 2904 220 2968 Lib.
241 2904 278 2981 V,
301 2903 351 2978 22,
373 2906 409 2968 2:
432 2897 528 2969 αὐτοί
553 2908 597 2981 (οἱ
622 2897 902 2985 Λακεδαιμόνιοι)
926 2897 1010 2984 ωρός
1033 2899 1114 2976 soor

55 3003 270 3096 Ἀθηναίους
292 3012 484 3096 ξυμμαχίαν
506 3011 697 3083 ἐποιοῦντο,
721 3011 919 3091 νομίζοντες
937 3001 1049 3092 ,ἥκιστ’
1071 3004 1115 3072 ιίν

55 3119 144 3199 σφίσι
167 3113 250 3190 τούς
272 3143 308 3181 τε
322 3110 511 3202 Ἀργείους,
534 3109 652 3199 saccea*
669 3109 730 3180 οὐκ
748 3112 881 3199 ἥθελσν
898 3108 1112 3196 Ἀχιιιελίιλοο

57 3226 106 3288 καί
125 3224 239 3310 Λίχοο
263 3218 437 3289 ἐλθόντων
460 3223 740 3296 ἐπισωένδεσθοιι,
764 3220 967 3304 νομίσαντες
989 3213 1115 3292 αὐτούς

57 3326 136 3396 ἄνευ
157 3324 364 3416 Ἀθηναίων
387 3323 428 3395 οὐ
451 3326 584 3401 ιλεινοιίς
607 3328 706 3403 εἶναι,
731 3329 784 3392 καὶ
804 3320 867 3410 τῆν
882 3322 989 3408 eorm
1003 3326 1114 3389 Πελο-

57 3428 231 3520 πόννησον
259 3431 395 3521 μάλιστ’
428 3431 472 3501 σίν
507 3429 696 3521 ἥσοχοίζειν·
735 3429 824 3519 προς
859 3425 923 3517 χοίρ
958 3425 1000 3494 σ’ίν
1033 3428 1114 3503 acor

57 3537 282 3627 Ἀθηναίους,
306 3548 336 3608 εἰ
358 3545 451 3629 ἐξῆν,
474 3557 603 3628 χωρεῖν.
647 3537 996 3624 Repetitumilludpost
1017 3540 1115 3618 νομί-

56 3656 167 3727 ζοντες
190 3650 248 3727 (sic
271 3652 352 3715 enim
378 3654 500 3734 putant)
527 3650 732 3733 νομίσαντες
761 3639 904 3717 αὐτοίς,
931 3643 1021 3725 plane
1043 3643 1115 3709 viti-

58 3775 139 3821 osum
164 3775 234 3822 csse
257 3758 433 3841 Kruegerus
454 3758 582 3833 fatetur3
618 3758 650 3820 et
678 3757 782 3819 tamen
813 3750 964 3817 variatum
991 3749 1114 3830 tempus

58 3862 266 3946 (νομίζοντες
295 3917 301 3929 .
326 3911 364 3925 ..
396 3864 611 3949 νομίσαντες)
641 3880 701 3924 non
730 3855 991 3923 commemoravit.
1035 3852 1116 3933 Quid

58 3966 152 4031 dicam
177 3969 213 4032 de
235 3952 344 4053 ἥκιστ’
367 3963 411 4053 σίν
435 4018 440 4030 .
465 4021 470 4032 .
496 4016 502 4032 .
530 3963 571 4035 ου’
602 3960 735 4039 δεινούς
762 3983 815 4049 pro
843 3959 952 4047 ἥκιστ’
979 3955 1024 4026 ιίν
1047 3960 1115 4024 δει-

61 4068 158 4147 νούςΡ
203 4078 341 4159 Apparet
362 4095 485 4171 prorsus
505 4080 645 4161 separata
659 4094 726 4141 esse
742 4072 951 4156 νομίζοντες,
975 4066 1055 4149 quod
1076 4060 1116 4126 ad

872 4175 918 4228 al*
