2580 4530
611 254 671 311 Lib.
688 257 711 313 1.
1108 256 1147 320 15

105 449 245 531 pretendi
257 451 387 529 solent,
400 452 495 516 nulla
513 452 580 517 arte
599 450 821 542 auctoritatem
838 454 1055 532 commendati,
1076 456 1130 520 sed
1150 457 1195 522 ita

106 556 400 638 cnplivoluminis,
422 559 463 622 ut
484 556 654 622 festinandi
676 559 913 635 caussassetei,
935 561 986 643 qui
1001 561 1195 627 tamenscri-

107 661 195 727 bcnda
217 663 441 747 sumpsisset,
464 666 522 729 aut
534 663 658 729 Senecae
666 663 703 746 1).
750 665 793 728 lit
801 665 832 728 in
844 664 932 730 libris
946 665 1120 749 frequenter
1130 669 1193 733 leo·

109 768 208 847 itatis,
231 771 269 834 εὴ
293 789 442 853 quornm
465 771 499 836 in
522 768 637 836 scholis
658 789 732 834 usus
756 771 839 847 erat,
869 772 1088 854 exemplarium
1110 793 1195 839 com-

111 877 272 956 paratione,
298 877 331 941 si
354 897 424 942 non
444 877 480 941 iu
500 876 680 954 scribendo,
703 879 737 941 at
757 878 866 958 postea
887 876 918 940 in
938 878 1085 961 legendo,
1108 899 1195 946 arce·

115 985 215 1051 bantur
237 1004 369 1070 magna
393 983 533 1066 exparte
548 1000 665 1047 errores
681 981 737 1058 illi,
760 982 870 1064 quibus
888 984 990 1048 omnia
1004 987 1195 1052 verterentur

115 1095 279 1179 litteraque
302 1093 440 1159 tanturn
463 1088 620 1154 dissolutae
635 1088 896 1170 relinquerentur;
919 1089 975 1154 sed
989 1090 1195 1158 simulincis-

117 1201 175 1266 dem
186 1203 333 1267 etantsa
350 1200 386 1263 et
398 1194 629 1262 renascentium
641 1193 814 1258 litterarum
824 1198 964 1279 tempore
974 1196 1065 1281 longe
1078 1199 1196 1264 facilior

118 1312 174 1371 erat
182 1307 292 1372 aditus
311 1306 428 1377 liberae
440 1300 567 1364 cuidam
585 1299 823 1382 immolationi,
837 1301 962 1366 facilem
978 1303 1138 1369 lectionem
1164 1308 1196 1370 et

120 1413 308 1478 intellectum
332 1409 485 1476 adiuvare
507 1405 662 1484 studenti,
685 1406 772 1471 velut
784 1404 817 1470 in
829 1405 1014 1474 Catilinariis
1032 1409 1194 1478 Ciceronis.

122 1518 296 1593 caeoenmr
315 1515 449 1600 quidem
469 1510 668 1594 interpolatio
686 1512 780 1577 etiarn
801 1511 833 1576 in
856 1511 980 1592 Seneca,
1002 1517 1142 1598 quitum
1163 1518 1195 1582 in

122 1624 222 1689 bonore
246 1642 322 1690 esse
346 1621 495 1700 ceperat,
517 1617 675 1682 liberrime
696 1619 838 1702 grassata
850 1619 920 1698 est.)
972 1619 1009 1683 In
1031 1624 1193 1703 poctarum

122 1730 257 1812 operibus
281 1745 436 1792 versuum
456 1725 606 1805 perpetua
630 1725 661 1787 et
681 1726 754 1791 nota
768 1725 877 1802 forma,
897 1725 934 1789 ut
948 1725 1194 1797 hexametrorum

122 1838 147 1899 et
163 1836 400 1909 trimetrorum,
423 1829 558 1894 scribam
579 1829 679 1912 aliquo
691 1829 782 1894 modo
796 1829 976 1895 continebat
987 1832 1019 1895 ot
1034 1832 1194 1908 monebat3

123 1945 238 2023 poterat
266 1943 383 2006 tamon
420 1936 490 2019 ipsa
523 1953 641 2018 quoque
671 1935 835 2001 insolentia
865 1936 968 2019 aliqua
989 1936 1086 2013 (velut
1109 1937 1195 2002 hiatu

122 2048 268 2131 legitimo,
294 2044 355 2110 sed
376 2048 457 2121 raro)
472 2041 734 2124 nonsimplicitor
755 2041 911 2119 scribenti,
935 2042 990 2107 sed
1011 2042 1132 2108 incaute
1146 2044 1196 2107 iu-

124 2152 231 2217 dicanti
252 2148 472 2232 interpolandi
493 2148 682 2213 occasionem
694 2147 782 2225 dare;
804 2147 911 2231 ignota
925 2167 1068 2213 versuum
1085 2168 1197 2233 genera

123 2278 185 2324 cnm
199 2259 377 2324 uerborum
390 2255 528 2319 novitate
540 2256 572 2318 et
588 2253 732 2319 orationis
753 2255 896 2322 libertate
918 2253 1082 2320 coniuncta
1103 2275 1195 2339 quam

126 2367 178 2429 rim
202 2366 326 2431 habore
351 2361 524 2436 debuerint,
546 2363 682 2443 apparet.
830 2366 833 2377 ¹

198 2474 248 2536 De
272 2467 435 2535 scribendi
455 2466 577 2531 mendis
600 2485 636 2531 ex
656 2486 716 2531 uno
739 2467 842 2531 codice
865 2467 904 2530 ad
924 2467 999 2532 alios
1021 2469 1197 2551 propagatis

124 2581 282 2663 auctisque
308 2574 390 2640 nibil
411 2592 488 2661 opus
512 2574 560 2636 est
581 2571 651 2636 dici.

208 2686 284 2750 Iam
322 2701 392 2764 quae
422 2699 459 2743 ex
484 2678 541 2742 boc
562 2678 714 2741 communi
739 2676 821 2742 fonte
844 2679 972 2761 propriae
996 2682 1027 2744 et
1048 2683 1197 2762 separatae

125 2793 258 2856 ·.·riuntur
306 2807 450 2852 errorum
484 2783 617 2865 species,
654 2803 705 2848 aas
741 2783 867 2848 difficile
909 2786 957 2850 est
1000 2787 1092 2850 certis
1128 2786 1198 2851 fini·

127 2899 176 2962 'nus
207 2896 413 2969 describere,
443 2889 524 2973 quod
554 2891 585 2954 et
612 2890 740 2955 diversae
768 2909 867 2956 oausae
897 2892 929 2956 et
961 2893 1081 2957 errandi
1110 2894 1199 2958 initia

125 3004 251 3068 eundem
286 2998 403 3064 erroris
436 2995 581 3059 effectum
613 2997 725 3061 babere
753 2999 880 3079 possunt
910 2998 941 3061 et
967 2998 1068 3080 plures
1098 3018 1196 3062 causae

125 3112 196 3174 *nter
229 3128 266 3172 se
299 3104 466 3186 coniungi;
498 3103 601 3184 itaque
632 3122 690 3168 usu
711 3104 776 3167 baec
798 3102 956 3168 discuntur
977 3106 1096 3170 attente
1117 3106 1199 3168 trac·

127 3216 221 3280 randis
251 3215 312 3279 aut
342 3211 422 3293 ipsis
447 3209 602 3273 codicibus
631 3211 684 3273 aut
716 3208 876 3291 scripturis
905 3230 921 3275 e
944 3211 1099 3281 codicibus
1121 3206 1199 3270 varii

125 3323 237 3403 genens
269 3318 370 3401 plene
404 3318 437 3380 et
469 3313 603 3378 fideliter
636 3316 783 3391 enotatis;
825 3317 880 3380 sed
915 3319 1019 3379 tamen
1047 3312 1199 3394 praecipua

125 3429 257 3510 «quadam
285 3442 410 3509 genera
432 3437 613 3504 percurrere
635 3440 780 3485 conemur
802 3424 833 3486 et
855 3421 1001 3501 exemplis
1023 3419 1198 3491 illustrare;

124 3537 171 3599 etsi
202 3530 372 3616 simplicia
403 3526 481 3590 satis
511 3524 650 3608 exempla
678 3527 809 3608 reperire
840 3526 993 3592 interdum
1018 3521 1199 3586 subdifficile

125 3656 171 3705 ast.
187 3639 273 3725 quod
296 3637 490 3722 plerumque
514 3629 613 3714 primo
638 3633 730 3697 errori
745 3633 859 3716 aliquid
878 3629 1007 3696 accessit
1024 3628 1199 3692 commenti.

130 3854 322 3864 ———---

138 3996 156 4053 'r
178 4000 216 4053 Ea
235 4011 325 4052 cansa
348 3991 395 4044 est
415 3986 510 4046 etiarn,
527 3998 576 4035 cur
593 3982 670 4050 plura
682 3982 801 4050 exempla
819 3995 849 4032 er
867 3977 1001 4032 inferioris
1020 3980 1201 4048 atatisscrip-

178 4091 300 4155 toribus,
355 4077 529 4140 Plutarcho,
568 4073 678 4140 Seneca,
707 4075 780 4135 aliis,
812 4071 981 4140 sumpserim,
1012 4074 1041 4127 in
1060 4072 1157 4140 quibus
1176 4075 1203 4126 et
