2580 4530
562 242 620 299 Lib.
639 243 660 298 1.
1039 240 1097 303 141

68 443 209 509 σεείδου
231 446 471 532 παραγγελίας
492 445 589 529 νίκης
614 461 669 525 pro
697 436 791 526 παραὶ
815 443 1008 516 Πλαταιαῖς
1033 443 1141 526 νίκης,

66 551 97 613 in
134 549 395 634 interpretatione
430 551 544 616 latina
577 550 674 615 taeite
711 551 827 614 eorreot
828 568 880 613 um
921 550 983 624 est3
955 548 1121 614 t’sed
1111 568 1142 613 1n

67 656 178 721 eodem
217 658 287 723 loeo
320 657 414 741 paulo
451 656 522 739 post
555 657 621 720 haeo
656 655 815 740 leguntur:
854 649 877 739 ἢ
908 650 980 728 aoso
1015 664 1143 727 κοινοῖς

68 757 275 847 στεφάνοις,
307 759 381 838 οὓς
399 761 468 873 σήν
487 754 638 829 Ἐλλάδα
670 753 904 845 ἐλευθερώσας
935 764 1054 846 ἔλαβες
1081 757 1143 829 τόν

67 874 325 956 Δημοσθένους
361 866 440 956 περί
485 869 546 935 σου
583 862 753 953 στεφάνου
798 859 1072 952 παραβᾶλωιιενς
1088 870 1145 935 'et

68 977 182 1041 Latino
203 976 330 1059 ponitur
350 976 522 1062 publicis
543 973 705 1041 coronis.
741 975 880 1056 Apparet
893 975 1018 1040 subesse
1032 993 1143 1040 nomen

68 1082 286 1164 imperatoris,
322 1083 375 1165 qui
406 1075 472 1167 τήν
505 1074 655 1148 ‘Balita
684 1082 911 1165 ἐλευθερῶσαι
943 1081 1006 1146 diti
1035 1081 1142 1164 possit.

65 1187 245 1270 scripserat
255 1188 441 1253 Plutarchus
456 1200 526 1261 τοῖς
542 1180 601 1253 K
584 1211 660 1252 ονω
671 1212 744 1261 νος
760 1212 951 1271 στεφανοις,
968 1188 1098 1253 honores
1113 1189 1143 1253 ei

67 1293 193 1360 habitos
229 1295 300 1378 post
333 1293 497 1359 victorium
532 1292 672 1358 Cnidiam
701 1295 733 1358 et
762 1295 920 1360 restitutos
948 1294 1141 1429 Athenarum

66 1418 175 1465 muros
196 1400 385 1484 significans.

171 1503 288 1586 (XXV)
310 1506 347 1569 ln
368 1505 474 1570 libello
494 1505 532 1569 de
545 1533 573 1571 ει
586 1505 772 1589 Delphieoo
790 1506 826 1568 15
845 1511 886 1587 (p.
909 1504 1022 1589 3910)
1043 1506 1143 1570 vereri

67 1611 260 1677 Plutarchus
282 1630 315 1676 se
336 1611 431 1689 dieit,
453 1629 492 1675 ne
513 1612 612 1689 Plato,
639 1612 676 1675 nt
697 1596 907 1694 Anaxagoras,
936 1611 1052 1676 alienas
1073 1629 1143 1676 son-

64 1716 186 1782 tenliss
209 1736 266 1800 pro
287 1717 351 1782 suis
371 1716 511 1800 posuisse
532 1718 682 1783 utentur.
715 1717 847 1782 Prolatis
864 1716 974 1782 dende
989 1714 1143 1779 nonnullis

64 1842 81 1885 e
109 1822 258 1888 Platonis
286 1824 390 1901 libris,
427 1841 495 1906 quse
525 1824 683 1905 pertinent
717 1823 757 1888 ad
797 1822 928 1906 quinarii
959 1820 1081 1886 numeri
1111 1821 1143 1884 in

66 1927 181 1992 mundi
204 1928 426 1994 constitutions
446 1928 519 2006 vim,
540 1928 678 1994 subiicit:
722 1919 949 2010 Πυθόμενος,
977 1930 1071 2011 φησί,
1101 1922 1143 2011 δή

66 2058 117 2107 ιις
131 2036 248 2100 ταῦτα
264 2028 431 2120 πρότερος
456 2028 603 2101 συνιδοίν
618 2027 806 2104 Πλάτωνος
828 2025 888 2097 δύο
911 2035 948 2099 Ε
958 2037 1143 2118 καθιέρωσε

65 2142 110 2225 up
135 2140 228 2227 θεῷ,
253 2136 393 2228 δήλωμα
416 2143 471 2206 καί
495 2134 672 2226 σύμβολον
692 2138 756 2204 σου
782 2133 940 2221 α’ριθιισῦ
962 2140 1032 2204 τῶν
1053 2135 1143 2206 πείν-

66 2270 147 2311 ισν.
207 2245 253 2311 Ut
279 2248 356 2313 nihil
389 2248 492 2313 dicam
526 2248 564 2312 de
599 2247 681 2331 φησί
713 2244 806 2310 uerbo
846 2245 983 2311 subieoto
1010 2249 1142 2328 carente,

61 2354 121 2417 nisi
152 2370 211 2435 per
246 2371 279 2417 se
299 2353 502 2417 manifestum
530 2354 622 2431 esset,
653 2351 804 2416 nominsri
837 2354 954 2417 eertum
985 2352 1141 2420 hominem

61 2459 221 2536 debuisse,
244 2459 296 2541 qui
317 2460 391 2523 ante
412 2459 573 2523 Platonem
600 2459 665 2522 haeo
693 2456 838 2535 vidisset,
865 2460 948 2523 solus
980 2477 1142 2524 concursus

62 2564 298 2646 participiorum
320 2558 526 2650 πυθόμενος
552 2566 584 2629 ot
605 2556 752 2629 συνιδών
773 2563 919 2628 mendum
946 2566 1141 2641 monstraret,

61 2690 134 2733 «um
159 2671 334 2751 praesertim
357 2671 395 2736 de
415 2672 575 2736 intellecta
589 2690 622 2734 re
637 2671 669 2734 et
689 2658 820 2753 reporta,
842 2689 901 2735 non
924 2669 965 2734 de
979 2670 1085 2735 audita
1107 2674 1138 2736 et

63 2777 100 2840 sb
124 2775 201 2840 aliis
224 2779 381 2859 comperta
409 2772 684 2856 (πυνθάνεσθαι)
712 2779 830 2861 agatur.
875 2776 1046 2859 scripserat
1067 2776 1141 2840 Plu-

63 2882 212 2945 tarchus:
235 2878 513 2971 Πυθαγόρας,
538 2877 657 2976 φήσει
681 2875 826 2966 δήεις,
849 2882 956 2948 ταῦτα
976 2876 1142 2968 πρότερος

64 2980 284 3071 ·’σιρότερσνλ)
307 2985 454 3056 συνιδυίν
477 2984 665 3063 Πλάτωνος
687 3015 717 3054 υ.
740 3014 769 3053 a.
789 2989 826 3052 λ.·

169 3093 302 3175 (XXVI)
336 3097 373 3160 In
402 3098 493 3175 libro,
527 3116 586 3180 quo
614 3096 773 3180 quaeritur,
807 3096 911 3159 senine
938 3095 982 3158 sit·
1007 3093 1141 3176 gerenda

65 3199 252 3282 respublica,
275 3221 300 3265 ο.
314 3202 354 3262 27
367 3207 408 3284 (p.
423 3202 481 3263 797
496 3201 543 3281 O),
565 3202 620 3266 ubi
629 3201 776 3283 exemplis
788 3201 970 3275 declaretur,
993 3198 1139 3281 quantum

65 3325 149 3388 saepe
173 3324 284 3371 senum
307 3308 473 3372 auotoritas
501 3308 534 3372 in
563 3309 653 3373 rebus
680 3308 811 3390 publicis
836 3307 982 3383 vuluerit,
1014 3303 1139 3367 Plutar-

66 3412 153 3487 chus,
175 3429 283 3476 senem
299 3404 490 3494 ¹Spartanum
517 3412 612 3496 Agidi
633 3414 715 3498 regi,
744 3414 811 3479 aeio
837 3413 901 3477 iam
918 3410 1078 3495 ,instructa
1099 3406 1139 3473 ad

67 3517 212 3596 proelium
243 3537 314 3583 oum
339 3518 477 3584 hostibus
505 3520 760 3585 committendum
791 3513 1012 3602 progredienti,
1038 3513 1138 3578 acela·

66 3640 171 3686 masse
193 3626 307 3703 narrat,
329 3625 412 3689 melo
436 3644 506 3689 eum
527 3625 645 3690 malum
667 3626 775 3692 'sanare
796 3624 888 3689 velle:
922 3613 968 3685 ‘0
983 3619 1017 3683 ss
1036 3611 1138 3705 Ἀγιι

67 3721 218 3801 ιιίισιίσας
250 3729 398 3815 ἐσείσθη
432 3733 486 3797 καί
520 3724 709 3818 α’νεχυίρησε
741 3735 817 3815 μὲν,
851 3724 981 3809 ἐκράτει
1015 3725 1048 3791 ‹ls
1082 3727 1136 3790 καλ

68 3835 187 3919 «lippos
210 3844 317 3902 ε”κειτο
335 3830 416 3902 καθ’
428 3833 559 3922 ἡμέραν
571 3833 664 3922 nupti
681 3850 755 3908 ταῖς
770 3826 896 3914 θύραις
911 3832 973 3896 τοῦ
989 3825 1136 3916 α’ρχείου,

68 3944 120 4006 καί
144 3935 311 4016 πολλάκις
335 3938 556 4028 α’νισσοίμενοι
579 3939 666 4030 προς
687 3935 794 4009 αὐτόν
817 3944 848 4005 οἱ
863 3946 978 4023 ἔφοροι
996 3938 1137 4005 διεπυν-

69 4040 221 4114 θοίνοντο
247 4050 300 4115 καί
315 4043 602 4133 συνεβουλεύοντο
615 4052 692 4133 περὶ
714 4047 970 4133 τῶνγιεγίσεοιν.
1004 4036 1136 4111 Ἐδόκει
