2580 4530
556 249 615 305 Lib.
633 250 674 307 ΙΙ.
1036 251 1095 313 242

72 451 175 532 potest
195 467 297 533 neque
320 449 420 534 Lycus
446 467 596 534 quaerere,
621 450 750 517 huiusne
777 452 927 536 opinionis
954 451 1138 537 Amphitruo

73 555 291 639 argumentum
313 556 435 623 habeat.
484 555 685 622 scribendum
707 557 768 623 est:
1014 613 1019 623 .

207 661 288 730 ΛΥ.
333 660 366 725 σι’
386 663 496 747 χρῆμα
517 653 627 746 δόξης,
649 649 671 746 ἧ
680 686 698 735 ς
720 670 804 750 ἔχεις
826 656 1026 749 τειιμήρισνς
1130 682 1133 687 ’

172 765 369 832 Probabilem
397 768 497 852 Lycus
523 787 556 834 se
585 767 758 850 opinionem
781 772 956 853 exspectare
977 770 1138 855 signifieat,

72 874 158 938 ouius
188 872 313 956 aliquod
341 875 383 939 sit
405 875 638 959 argumentum,
675 890 734 938 non
764 875 887 941 inanem
919 875 1137 959 ‚suspicionem

71 998 122 1063 pro
150 980 229 1044 σι’να
256 972 359 1062 δόξην
380 979 458 1045 dixit
477 980 512 1044 σι’
531 980 644 1065 χρῆμα
667 972 775 1065 δόξης.

173 1068 294 1149 1de.
325 1086 400 1152 272:
435 1086 526 1160 θεοὶ,
562 1087 640 1150 θεοὶ
669 1088 737 1151 τών
764 1081 890 1153 α’διίιων
914 1090 1055 1174 μὲλσνσι
1082 1087 1137 1161 καλ

73 1193 139 1256 τῶν
161 1185 266 1257 ὁσίων
293 1186 422 1276 ἐπᾴειν.
470 1194 574 1259 Μέλα.
592 1197 726 1259 ἐπαΐειν
746 1212 862 1276 proto,
884 1194 964 1279 quod
984 1197 1033 1260 est
1042 1196 1136 1280 μέλει

72 1324 130 1382 μοι
165 1303 312 1375 ἐπαΐειν,
344 1316 433 1367 nemo
465 1297 664 1364 Atheniensis
697 1299 782 1365 dixit.
818 1300 930 1369 Codex
964 1300 1136 1386 μέλλονοι.

73 1402 169 1469 Scrib.
194 1406 380 1470 θέλουσι.

173 1510 240 1576 ibi.
278 1510 356 1575 845:
392 1507 495 1594 σιμοῖς
533 1504 562 1576 δ’
601 1519 660 1598 ε”χω
694 1505 800 1585 τάσδ’,
837 1504 900 1577 σύιι
938 1505 1136 1599 α’νασθῆναι

74 1618 195 1700 φίλοις.
230 1616 332 1681 Debet
341 1616 399 1681 hoc
411 1616 598 1700 significare:
621 1637 691 1682 eum
702 1616 846 1682 honorem
858 1618 963 1694 habeo,
985 1619 1021 1683 ut
1034 1638 1093 1684 non
1105 1620 1137 1685 in

72 1723 275 1789 admiratione
311 1724 343 1786 et
380 1740 483 1788 amore
519 1723 579 1788 sim
616 1723 698 1788 inter
730 1723 854 1790 amieos.
908 1723 969 1789 Sed
1003 1725 1137 1807 primum

72 1830 169 1895 mirus
211 1829 261 1894 hie
302 1832 351 1894 est
375 1828 489 1903 „honen
525 1827 635 1894 deinde
676 1828 886 1895 incommodus
926 1832 975 1895 est
1010 1829 1137 1911 pluralis

73 1955 238 2010 numerus,
279 1916 714 2018 vehementissimumque
746 1934 878 2009 offendit
903 1927 965 2001 σύν
1000 1953 1055 2018 pro
1086 1929 1137 2020 μή

73 2043 220 2124 positum.
271 2041 379 2124 Τιμαλ
403 2040 476 2107 αἵδε
505 2039 647 2104 dicuntur
675 2041 858 2114 όειιισιιιώςι
885 2042 917 2107 hi
949 2042 1078 2108 honores
1107 2044 1139 2107 et

72 2147 129 2212 hoo
150 2165 274 2221 munus,
297 2145 378 2229 quod
397 2150 487 2212 tenso
514 2146 608 2222 (inter
629 2147 700 2213 deos
720 2146 870 2213 inferionis
891 2148 1037 2232 generis).
1073 2148 1137 2215 Hos

72 2253 200 2318 honores
222 2253 291 2336 ipsa
313 2252 478 2317 Dementia
498 2252 635 2335 appellat

374 2352 434 2424 σύιι
461 2354 646 2446 dyocesis
669 2365 705 2422 ἐν
728 2359 848 2442 φίλοις.

71 2467 182 2548 quibus
204 2464 297 2530 amini
319 2483 379 2555 non
401 2484 474 2531 sane
495 2452 679 2540 invideant&
690 2466 762 2546 apte
782 2465 845 2530 iam
867 2465 1042 2549 adiungitur
1064 2458 1135 2531 ονίλ

72 2568 202 2655 ἥδομαι
227 2575 258 2635 et
280 2569 407 2652 reliqua.

176 2677 240 2741 lbd.
263 2676 325 2738 865
348 2696 409 2760 sq.:

648 2775 665 2846 ὁ
689 2783 722 2847 (λὲ
747 2776 859 2847 κανιόν
881 2775 941 2848 σύν
965 2786 1088 2847 εἴσεται

71 2890 211 2965 παῖδας,
233 2885 293 2963 σύς
317 2883 427 2975 ἔτικτ’,
450 2889 602 2970 ἐναίρων,
627 2890 709 2972 πρὶν
730 2883 774 2953 οἲν
796 2883 882 2972 ἐμός
905 2887 1031 2962 λύσσας
1052 2882 1136 2975 α’φῄ.

173 2995 280 3078 Neque
314 2995 441 3077 pluralis
473 2999 563 3078 aptus
599 2998 769 3079 estusque
795 3002 879 3061 reete
908 2994 998 3059 homo
1026 2994 1138 3060 dieitur

69 3098 207 3184 εἰσιέναι
230 3097 296 3185 τήν
320 3099 457 3184 λύοοην,
490 3120 555 3185 quae
583 3101 685 3182 ipsum
706 3119 885 3184 oppressum
914 3101 1007 3162 tenet
1051 3098 1134 3162 Seri-

68 3208 219 3273 bendum:

307 3317 391 3397 πρὶν
413 3311 457 3376 όν
479 3305 557 3396 ἐμή
581 3303 709 3376 λύσσα
733 3305 794 3396 σφ’
816 3304 908 3398 α’φῄ.

173 3419 232 3484 eir.
255 3417 307 3482 Or.
330 3416 407 3481 227:
435 3413 519 3482 ὅταν
547 3411 614 3504 α’νῄ
637 3410 736 3492 νόσος
755 3409 895 3502 μανιάς.
944 3414 989 3479 Ex
1010 3407 1135 3486 λύσσας

69 3526 168 3612 ψοφῇ
191 3523 338 3588 mendum
362 3526 461 3589 ont-um
485 3525 542 3589 est.

170 3630 237 3694 Ibd.
256 3630 338 3691 1020
350 3651 414 3713 sqq.
438 3629 631 3696 scribendum
654 3648 723 3694 oum
734 3627 900 3702 Wundero‚
923 3627 976 3691 sed
998 3624 1135 3690 oratione

67 3739 180 3803 melius
203 3736 368 3801 distinete:

67 3845 162 3911 τάδε
186 3846 225 3911 δὲ
248 3844 320 3925 (pro
343 3834 436 3916 τόδε)
458 3835 662 3926 ὑπερέβαλε,
685 3840 880 3925 παρέδραμι
895 3834 937 3903 τό
957 3829 1134 3903 σόαειιακσῖ

67 3949 187 4018 ιόλανι
211 3952 363 4035 διογενεῖ
386 3941 478 4031 κόρῳ.
528 3948 746 4013 Μσνσσὲιινσυ
770 3937 927 4029 Πρόκνης
