2580 4530
222 227 281 291 142
660 229 720 289 riu
739 231 761 285 l.

66 496 70 513 ,
176 423 242 515 yoip
265 433 401 514 ἔμφρων
430 421 517 515 α’νήρ
539 429 626 495 εἶναι
655 429 712 494 καὶ
745 428 884 502 συνετός
912 434 1133 514 ἱστορεῖσθαι.
1176 429 1243 493 Ad-

177 535 292 599 duntur
312 535 400 618 plum
421 537 458 601 de
480 554 525 614 1ο,
547 537 642 601 ctiam
658 552 729 600 cum
750 537 790 610 oh
800 555 954 603 summam
977 519 1167 602 senectutem
1188 535 1244 599 ‹le-

179 640 250 719 hihs
274 643 307 706 et
329 642 508 725 plerumque
530 636 808 728 urreepps‘esseo,
836 644 874 708 ah
903 643 1023 726 ephoris
1044 640 1190 706 arcessito
1210 641 1241 704 in

179 732 278 811 sorum
300 750 342 825 et,
363 750 399 813 ut
423 749 551 830 imperio
577 749 717 815 obediret
738 750 800 832 (cpi
823 739 972 834 δεσπότῃ
993 748 1177 840 πείθοιτο),
1200 747 1244 811 ire

179 853 298 918 conato.
361 853 462 919 Multa
491 855 542 920 hio
574 874 732 939 perversa,
758 855 893 936 primum
915 854 997 919 illuri
1024 855 1063 921 de
1084 853 1184 938 Agide
1210 871 1244 917 se

161 959 344 1040 recipiente
380 959 434 1024 illo
471 960 610 1042 quidem,
648 959 704 1025 sed
745 962 864 1024 tamen.
887 960 1003 1025 victore
1040 964 1125 1036 (nam
1163 959 1244 1042 quod

57 1134 59 1138 ,
178 1067 301 1146 postero
330 1065 379 1129 die
409 1067 468 1141 ulio
494 1067 561 1132 loeo
581 1065 731 1150 pugnavit
751 1065 893 1147 vicitque,
922 1064 998 1128 nihil
1018 1056 1157 1129 adhunc
1178 1083 1244 1128 rem

178 1170 313 1252 pertinet
333 1189 390 1235 nec
404 1174 526 1254 poterat
546 1175 611 1238 tum
634 1174 759 1237 obscure
777 1170 966 1256 significari),
979 1173 1048 1236 tum
1060 1169 1094 1235 in
1105 1171 1162 1239 hoo
1178 1171 1244 1252 ipso

180 1275 304 1340 aoristis
335 1277 413 1340 mire
452 1279 484 1341 et
503 1293 596 1360 prave
628 1276 801 1342 subiectum
822 1276 1040 1358 imperfectum
1069 1268 1244 1358 (ἐκράτει),

180 1381 290 1445 deinde
317 1401 387 1446 vero
414 1382 532 1461 omnia,
558 1403 624 1466 quae
656 1382 798 1465 deinceps
825 1382 994 1460 adduntur,
1022 1402 1041 1448 a
1070 1383 1153 1468 regis
1173 1402 1245 1464 per-

180 1507 257 1553 sona
294 1488 495 1568 alienissima,
539 1489 579 1553 ad
602 1489 719 1553 *ciuem
749 1487 904 1570 privatum
945 1489 1126 1554 honoratum
1163 1492 1245 1571 apta,

179 1594 258 1658 illud
278 1613 349 1660 rero
373 1594 410 1659 de
431 1595 495 1660 vita
515 1595 556 1660 ad
576 1595 719 1660 ultimam
745 1596 935 1659 senectutem
956 1594 1102 1677 producta
1122 1613 1246 1677 prorsus

181 1699 291 1783 Agidis
322 1700 458 1766 historiae
489 1720 672 1785 repugnans.
719 1700 796 1764 Haec
822 1699 925 1763 omnia
944 1699 1136 1765 incommoda
1157 1700 1246 1765 tollet

181 1805 356 1871 litterarum
394 1806 611 1872 distractarum
653 1808 718 1873 sine
753 1806 846 1870 ullius
881 1805 1050 1870 mutatione
1087 1806 1119 1871 in
1149 1826 1245 1870 unum

72 1965 73 1971 ,
181 1930 291 2006 nomen
312 1914 522 1998 congregatio:
551 1908 596 1981 Ὁ
619 1912 652 1978 δὲ
670 1903 773 1999 'Am
795 1911 942 1994 ἐπείσθη
967 1914 1021 1977 ναὶ
1044 1905 1245 1999 α’νεχώρησε.

166 2012 443 2102 ,Μενεκράτει
466 2020 501 2085 δὲ
528 2022 582 2085 καὶ
606 2019 851 2103 hipponiense
876 2041 955 2082 111.
979 2020 1007 2082 λ.
1040 2020 1108 2083 Iam
1134 2020 1247 2096 omnia,

184 2143 250 2206 quac
272 2126 449 2207 sequuntur,
471 2126 510 2193 ad
531 2126 740 2190 Menecratem
766 2123 934 2207 pertinent,
955 2124 1040 2189 ouius
1067 2124 1248 2193 memoriam

182 2231 269 2293 entra
299 2229 380 2294 hunc
414 2231 515 2295 locum
546 2233 700 2296 servatam
741 2249 800 2294 non
828 2229 1003 2308 arbitrem).
1052 2231 1246 2317 Thucydides

181 2334 307 2416 quidem
327 2336 366 2412 V,
394 2335 432 2397 65
465 2355 569 2419 neque.
589 2355 701 2424 nomen
721 2335 853 2400 hominis
878 2336 1083 2420 ponitusque
1105 2355 1156 2414 ea,
1179 2355 1245 2419 quae

183 2440 221 2503 de
247 2440 357 2505 honore
386 2441 414 2506 ei
447 2444 553 2523 postea
584 2442 688 2506 habito
718 2440 901 2506 Plutarchus
932 2461 969 2506 ex
995 2442 1056 2508 alio
1085 2442 1179 2520 fonte,
1210 2444 1246 2504 ut

182 2565 272 2628 saepe,
295 2546 388 2630 addit.
432 2546 599 2623 (Praeteree
630 2547 674 2611 sio
696 2547 887 2634 scribendum
915 2549 977 2613 est:
1013 2548 1067 2613 καὶ
1094 2539 1244 2618 συνετός,

180 2645 380 2736 Ἶστορεῖται
394 2652 440 2727 δὲ,
462 2649 514 2717 ὅτι
534 2655 588 2724 ταὶ
612 2653 661 2737 [δὲ
684 2655 751 2726 καί,
774 2649 861 2737 iusi]
873 2646 1096 2719 παντάπασιν
1112 2679 1141 2718 κ.
1154 2679 1185 2716 τ.
1202 2655 1245 2732 λ.)

283 2757 425 2837 (XXVII)
451 2759 498 2824 De
521 2759 691 2826 Stoicorum
712 2779 837 2844 repugn.
866 2780 892 2827 c.
916 2763 945 2838 2,
967 2762 988 2822 4
1008 2760 1192 2825 Plutarchus
1213 2759 1244 2823 in

182 2864 248 2949 vita
268 2864 452 2929 scholastica
483 2866 515 2929 et
535 2866 648 2945 otiosa,
681 2886 773 2949 quam
806 2866 902 2932 Stoici
931 2867 1122 2948 maximeque
1150 2864 1246 2948 Ohry-

183 2970 287 3052 sippus
319 2969 553 3050 reprehendant,
591 2973 690 3037 nullos
720 2972 820 3057 magis
853 2972 1045 3037 consenuisse
1078 2971 1122 3035 ait
1153 2990 1245 3054 quam

170 3074 394 3160 ¹Ohrysippum,
417 3074 612 3156 Cleanthem,
635 3079 819 3164 Diogenem,
848 3078 1014 3156 Zenonem,
1037 3075 1245 3158 Antipatrum,

184 3189 222 3247 οἵ
244 3208 282 3268 γε
311 3184 363 3247 καὶ
386 3175 448 3254 τοίς
476 3175 588 3246 αὐτῶν.
618 3188 799 3250 κατέλιπον
823 3185 1002 3268 πατρίδας,
1025 3177 1125 3249 οὐδὲν
1147 3187 1246 3269 ἐγκα-

184 3290 335 3362 λοῦντες.
357 3282 430 3354 ἄλλ’
452 3284 545 3362 ὅπως
570 3284 649 3354 καθ’
672 3287 816 3376 ἡσυχίαν
847 3298 882 3356 ἐν
904 3293 948 3376 τῷ
971 3285 1084 3375 cittium
1108 3290 1163 3354 καὶ
1189 3291 1244 3353 ἐπὶ

186 3398 353 3481 ζωστῆρος
378 3387 612 3489 Ισχσλοίζοντες
664 3399 718 3462 καὶ
768 3398 1029 3483 φιλολογοῦντες
1072 3389 1244 3483 διάγωσιν.

183 3501 394 3568 Mimmillud
417 3509 453 3569 ἐν
474 3505 521 3588 τῴ
543 3497 653 3588 ἡδίονι
677 3497 817 3589 διάγειν,
839 3504 920 3587 quod
935 3504 1060 3568 vertunt
1079 3503 1117 3567 in
1140 3502 1246 3566 suavi

101 3650 102 3654 =
183 3609 279 3687 otio,
330 3609 530 3692 comparativi
580 3608 693 3672 saltem
735 3609 852 3674 nullam
897 3610 1047 3675 rationem
1088 3610 1247 3684 hahentes,

183 3715 283 3798 magis
312 3718 416 3781 tamen
450 3717 504 3780 ἐπὶ
535 3715 700 3799 ζωστῆρος
735 3709 881 3801 διοίγειν,
918 3716 997 3798 quod
1034 3715 1246 3798 interpretatio

204 3847 235 3948 ’1)
257 3879 377 3950 Sympos.
388 3883 425 3945 11,
445 3886 469 3946 5,
489 3886 512 3946 1,
531 3885 549 3939 4
567 3879 747 3950 Μενεκράτης
756 3899 787 3936 ex
802 3882 850 3951 pio
864 3881 974 3950 Κράτης
983 3882 1105 3936 restitnit
1113 3881 1247 3944 Reislrius,

254 3973 283 4025 in
300 3971 371 4040 libro
389 3974 451 4029 Non
470 3992 545 4045 posse
564 3975 689 4038 suaviter,
708 3991 731 4031 1.
750 3978 792 4040 21,
811 3979 828 4032 9
853 3978 1046 4042 Μενανδρεῖσν
1064 3992 1112 4044 pro
1130 3972 1180 4044 pta
1200 3971 1246 4028 ἄν·

254 4065 356 4150 saeros*
365 4067 535 4124 Mercriacus.
