2580 4530
596 243 699 302 Liar.
1080 245 1137 309 131
1238 268 1250 303 f

211 440 317 521 (VIII)
337 440 426 506 Idem
437 440 588 507 Diodorus
599 441 670 520 XX,
686 443 725 505 25
736 441 911 521 Eumolum
927 441 1056 525 Bospori
1065 461 1182 528 regem,

105 547 218 612 namt
245 546 333 612 mille
354 545 551 622 Galletianis,
575 547 627 629 qui
649 565 685 612 er
706 565 763 613 sua
783 547 859 611 urbe
881 564 900 612 e
920 547 1103 631 Lysimacho
1125 549 1181 616 ob·

107 670 198 718 sessa
211 651 406 749 effugissent,
427 651 602 735 perfugium
613 653 717 718 tutum
734 651 870 718 dedisse:
892 648 988 719 α’λλσὲ·
1002 655 1056 721 καὶ
1079 652 1182 722 πόλιν

110 758 216 824 roone
241 770 425 833 κατοικεῖν,
451 759 507 824 ἐπὶ
524 758 558 824 δὲ
574 751 710 831 τούτοις
723 752 788 844 τη“ν
803 750 1064 843 ὀνομαζομένην
1085 757 1182 828 Ψόαν

109 867 167 931 καὶ
190 859 261 950 τήν
281 859 394 952 χώραν
416 859 737 957 καρεκληρσύχησεν.
752 895 755 901 ·
773 863 1077 947 ‘Nonapperet'our
1097 868 1182 934 urbis

109 972 232 1037 nomini
254 970 300 1050 (id
328 973 410 1036 enim
440 967 537 1037 Ψόαν
556 971 588 1036 in
614 972 672 1036 heo
698 969 844 1036 orationis
865 968 964 1055 forma
991 965 1181 1048 esse-debet,

107 1078 235 1142 adiecto
257 1078 311 1143 καὶ
334 1071 400 1160 τήν
421 1069 545 1162 χώραν)
569 1075 663 1140 addat
684 1073 748 1160 την
775 1069 1048 1163 ὀνομαζομένην,
1079 1079 1182 1143 minus

108 1184 221 1262 etiam,
245 1202 299 1248 cnr
318 1183 377 1248 hoo
399 1183 587 1266 separaverit
608 1183 646 1247 ab
666 1182 729 1247 illis
753 1174 857 1246 πόλιν
875 1180 998 1249 staura
1012 1202 1071 1248 nee
1086 1184 1183 1267 scrip-

109 1287 191 1351 serit
211 1280 298 1352 ὀλλό
322 1291 377 1355 καὶ
398 1281 496 1355 Ψόαν
517 1285 620 1354 πόλιν
641 1289 742 1353 ἔδωκε
766 1299 946 1352 κατοικεῖν.
982 1288 1184 1356 Manifestum

107 1394 161 1458 est
182 1393 216 1458 in
239 1392 352 1460 litteris
372 1411 587 1480 ψοανκριιτην
600 1415 705 1459 rmum
726 1394 852 1460 subesse
874 1391 1060 1461 adjectivum
1081 1397 1184 1481 regio·

109 1517 188 1563 nem
211 1499 408 1583 significans,
436 1521 504 1585 quse
525 1503 638 1585 praeter
657 1501 848 1566 urbem'non
868 1499 1060 1566 nominatam
1082 1501 1184 1566 Cella-

109 1606 209 1672 tianis
235 1605 392 1672 exsulibus
420 1607 519 1673 divisa
546 1606 601 1679 sit,
630 1608 666 1671 ut
690 1607 758 1671 haeo
787 1605 880 1671 fuerit
907 1607 1053 1673 orationis
1072 1607 1184 1673 forma:

108 1707 181 1796 τήν
199 1705 464 1798 ὀνομαζομένην
483 1706 795 1797 Ψσανκαιτικην
811 1707 1059 1797 (Ψοαντικηνῗ)
1074 1705 1185 1799 χώραν

111 1812 442 1906 κατεκληρούχησεν.
506 1821 609 1903 Ipsam
636 1818 770 1884 formam
797 1817 930 1884 nominis
961 1819 1028 1900 quis
1053 1819 1186 1901 reperiet

109 1930 170 1992 aut
194 1926 345 2010 praestet?
618 1927 623 1935 '
1079 1992 1083 1997 .

221 2031 298 2113 (IX)
319 2031 437 2097 Eodem
455 2031 534 2096 libro
557 2049 583 2095 ο.
606 2031 645 2094 31
672 2031 709 2095 de
725 2029 936 2114 Agrigentinis
959 2029 1024 2093 haec
1045 2028 1186 2094 seriben—

111 2141 182 2203 tur:
231 2139 278 2207 Or‘
301 2138 335 2203 δὲ
360 2131 491 2221 ταύτην
511 2137 661 2216 (lienam)
685 2130 978 2220 ἐλευθερώσαντες
999 2136 1186 2227 παρῆλθον
1268 2182 1277 2215 x

109 2244 172 2309 ἐπὶ
189 2237 476 2329 τόνἘρβησσόν,
500 2242 652 2327 φρουροῖς
672 2248 709 2307 ἐν
731 2236 823 2328 αὐτῷ
847 2232 1186 2329 παραφυλαττούσης
1230 2279 1232 2283 -

110 2347 182 2436 τήν
204 2342 320 2415 πόλιν.
362 2349 431 2414 Non
444 2349 544 2415 solum
556 2349 634 2413 mire
654 2350 790 2418 abundat
805 2354 842 2413 ἐν
856 2341 959 2434 αὐτῷ,
985 2348 1040 2414 sed
1061 2368 1185 2432 prorsus

111 2459 267 2522 vitiosum
290 2457 338 2520 est
359 2474 429 2519 oum
450 2457 595 2539 sequetur
608 2449 673 2537 τήν
693 2447 806 2532 πόλιν,
829 2455 889 2520 nisi
911 2455 978 2538 quis
1004 2455 1062 2520 hoo
1082 2455 1186 2521 feren·
1270 2523 1273 2531 ,

110 2564 193 2626 dum
221 2562 325 2643 putat:
363 2581 452 2640 „oum
479 2560 654 2644 praesidium
686 2559 718 2623 in
749 2580 783 2625 eo
812 2561 958 2644 oppidum
987 2562 1185 2628 custodiret“.

113 2669 150 2731 ld
176 2667 217 2730 ad
240 2685 308 2731 rem
329 2668 476 2750 pertinet,
510 2666 599 2750 quale
626 2664 703 2729 illud
724 2665 815 2732 fuerit
837 2667 1028 2749 praesidium;
1060 2670 1187 2751 apparot

112 2778 225 2838 autem
248 2775 476 2856 peregrinorum
498 2776 530 2838 et
551 2771 806 2835 mercenariorum
830 2771 926 2837 foisse
954 2773 993 2836 ab
1015 2775 1186 2859 Agathocle

114 2880 156 2944 ad
181 2878 292 2942 urbem
316 2875 533 2941 continendam
560 2877 749 2960 impositum.
800 2873 971 2958 Seripserat
1001 2881 1066 2945 sine
1095 2881 1186 2946 dubio

115 2984 289 3049 Diodorus:
339 2982 489 3066 φρουροῖς
513 2983 737 3065 Σαμνιτῶν
766 2979 1097 3069 παραφυλαττούσης
1124 2980 1188 3068 την

116 3083 235 3155 πόλιν.
282 3087 438 3152 Samnites
458 3086 539 3152 inter
560 3074 764 3153 mercenarios
786 3090 966 3174 Agathoclis
988 3092 1092 3164 fuisse,
1115 3108 1188 3155 oon-

116 3198 214 3262 state
231 3213 296 3276 cap.
310 3194 359 3256 64.
385 3192 487 3270 (Error
502 3193 594 3276 ooepit
608 3194 714 3258 littera
731 3219 749 3260 σ
765 3196 863 3260 semel
884 3197 1007 3279 scripta,
1030 3197 1065 3259 ut
1087 3220 1188 3278 ομνι-

118 3326 190 3365 των
213 3299 325 3374 esset.)
932 3348 935 3354 -
982 3295 986 3307 ¹

225 3402 278 3481 (X)
311 3404 346 3466 In
376 3403 524 3486 excerptis
553 3404 779 3471 Hoesohelianis
818 3408 1027 3483 (vitiosissime
1055 3406 1188 3489 scriptis)

119 3511 193 3576 libri
215 3508 323 3573 XXIII
347 3507 475 3573 Diodori
504 3510 561 3574 hoc
589 3511 702 3594 legitur
723 3512 888 3576 frustulum
917 3511 957 3587 (6,
980 3511 1013 3574 in
1039 3511 1189 3576 Dindorfii

120 3617 194 3682 edit.
220 3618 329 3698 quarta
355 3613 472 3689 XXIII,
500 3616 529 3689 4,
561 3619 607 3694 2)τ
644 3596 957 3700 ’ὉτιλἈδρύνωνα
987 3611 1106 3700 κώμην
1134 3620 1188 3682 καὶ

127 3718 314 3791 Μάκελλον
362 3714 494 3792 aeltric
536 3717 666 3806 ἡμέρας
708 3713 994 3805 πολιορκήσαντες
1019 3712 1188 3806 Ῥωμαῖοι

122 3826 292 3912 α’τιήλθον
320 3824 500 3910 ἄπρακτοι.
550 3826 705 3909 Oppidum
735 3821 906 3910 Ἀδρανόν
930 3826 1072 3892 novimus
1095 3830 1127 3893 et
1150 3830 1190 3895 ab

121 3936 191 4000 aliis
215 3938 248 3999 et
269 3935 317 3999 bis
339 3935 380 3998 ab
401 3932 469 4015 ipso
481 3933 614 3998 Diodoro
636 3934 919 4008 commemoratum,
943 3933 1108 4000 Adranona
1129 3955 1189 4001 non

122 4043 277 4106 norimus.
324 4036 386 4104 Sed
413 4039 513 4122 magis
538 4040 687 4106 mirabilis
710 4035 824 4124 κώμης
847 4041 1011 4122 appellatio
1032 4042 1191 4109 obsessus·

956 4149 990 4202 92
