2580 4530
600 1196 723 1271 Liber
756 1197 820 1272 IV.

643 1363 726 1446 Cap.
753 1365 777 1427 Ι.

402 1520 406 1527 ’
505 1515 643 1586 Polybius,
662 1516 795 1572 Diodorus
814 1516 929 1572 Siculus.

280 1667 484 1752 scriptoribus
508 1668 622 1735 Atticis
645 1670 837 1735 adiunximus
857 1670 1069 1747 Aristotelem,
1091 1668 1242 1746 sermonis

180 1794 297 1858 quoque
329 1775 425 1856 ipsius
458 1775 555 1839 forma
582 1775 655 1858 (non
683 1777 781 1841 solum
809 1776 928 1841 dicendi
950 1779 1075 1861 genere)
1110 1776 1149 1840 ab
1180 1775 1241 1840 illis

175 1882 255 1946 ‘satis
277 1881 461 1955 seiunctum,
490 1881 546 1946 sed
567 1883 671 1945 tamen
692 1881 908 1947 Demosthenis
930 1882 1095 1965 aequalem,
1125 1883 1241 1946 utnon

178 1988 210 2054 in
232 1988 379 2070 temporis
400 1986 578 2063 intervallo,
614 1986 721 2051 sedin
748 1988 864 2071 origine
893 1988 974 2063 eius,
1010 1987 1243 2062 consuetudine,

177 2091 301 2177 ingenio
322 2093 423 2176 posita
450 2091 492 2155 sit
520 2091 706 2157 diversitatis
728 2112 831 2157 causa.
885 2095 1064 2159 Transimus
1088 2092 1127 2156 ad
1147 2094 1242 2176 scrip·

177 2200 278 2263 torem
306 2198 345 2262 ab
365 2195 533 2263 Aristotele
562 2199 594 2262 et
620 2197 826 2262 Demosthene
852 2197 974 2283 integro
1004 2201 1106 2264 seculo
1135 2200 1168 2263 ot
1196 2199 1242 2263 di-

177 2302 272 2369 midio
295 2303 472 2377 distantem,
493 2303 525 2366 in
549 2302 736 2387 exponendo,
765 2302 1021 2386 quemadmodum
1047 2305 1148 2370 Graeci
1171 2306 1242 2370 reli-

171 2410 289 2492 'quique
310 2409 415 2492 populi
439 2409 495 2472 sub
518 2393 733 2473 Romanorum
757 2410 921 2493 imperium
949 2411 1067 2475 redacti
1094 2411 1174 2490 sint,
1208 2430 1243 2475 ea

178 2515 278 2580 Graeci
299 2514 446 2579 sermonis
468 2514 577 2590 forma,
606 2523 672 2598 quae
694 2515 865 2581 communis
889 2516 1068 2599 appellatur,
1090 2518 1241 2594 utentem,

173 2621 215 2684 ab
237 2620 291 2684 illo
313 2620 352 2684 ad
374 2620 540 2704 Augusteae
562 2621 662 2686 aetatis
683 2621 848 2704 scriptores
870 2622 999 2688 venturi.
1037 2621 1116 2686 Sunt
1137 2627 1241 2687 autem

177 2726 210 2790 hi
237 2727 418 2807 scriptoreS,
443 2725 490 2791 'ut
525 2747 543 2790 a
574 2728 761 2810 proprietate
794 2727 910 2812 ingenii
936 2728 1033 2792 Attici
1067 2728 1098 2792 et
1130 2729 1243 2794 artium

177 2831 355 2897 Graecarum
376 2833 451 2897 flore
474 2834 602 2906 remoti,
629 2834 674 2898 ita
702 2836 734 2898 et
761 2854 864 2901 rerum
891 2852 1002 2917 genere
1024 2836 1055 2899 et
1077 2835 1146 2916 ipsa
1168 2836 1244 2900 scri-

176 2938 270 3004 bendi
291 2939 399 3011 forma,
429 2939 456 3002 si
480 2958 540 3003 non
564 2939 651 3004 suavi
673 2940 705 3003 et
727 2941 851 3018 ornata,
878 2941 912 3004 at
942 2939 1100 3023 perspicua
1122 2939 1188 3032 fero
1212 2943 1243 3004 et

177 3044 282 3108 stabili
312 3043 465 3109 faciliores
487 3064 579 3127 qnam
602 3063 677 3127 quos
699 3043 847 3110 hactenus
869 3044 1082 3110 tractavimus.
1134 3046 1243 3129 ltaque

178 3169 257 3228 eam,
280 3170 372 3233 quam
394 3152 433 3215 ab
454 3150 543 3214 initio
565 3150 750 3232 propositam
766 3150 844 3214 milri
859 3150 921 3216 dixi
937 3170 1089 3235 quamque
1103 3153 1243 3216 materiae

177 3257 347 3339 amplitudo
370 3256 516 3338 postulat,
544 3253 697 3319 scribendi
724 3254 909 3322 brevitatem
935 3256 1000 3321 iam
1027 3257 1127 3341 magis
1156 3258 1244 3341 sequi

176 3363 292 3442 licebit,
315 3362 563 3428 emendationum
585 3360 686 3425 causis
719 3363 773 3426 sut
797 3362 920 3426 omissis
948 3362 1003 3425 aut
1028 3363 1121 3427 verbo
1144 3363 1242 3448 signi-

175 3467 286 3532 ficatis.
1131 3520 1133 3522 -

176 3556 177 3561 ¹
276 3571 443 3655 Polybium
483 3590 554 3636 cum
588 3571 707 3636 iuvenis
742 3570 875 3636 maxime
906 3589 1010 3634 rerum
1031 3573 1241 3637 Romanarum

177 3694 271 3740 causa
292 3678 599 3760 studiose‘legcrem2
632 3675 893 3760 Schweightuseri
916 3676 1010 3757 copiis
1033 3679 1133 3758 utens,
1158 3697 1242 3743 com-

175 3782 264 3864 plura
286 3783 465 3860 emendavi3
497 3801 603 3847 eorum
627 3781 688 3845 alia
709 3782 773 3846 iam
794 3782 872 3859 tum,
894 3800 964 3845 cum
988 3785 1058 3847 ante
1081 3769 1189 3847 decem
1211 3783 1243 3847 et

176 3887 266 3969 paulo
293 3888 362 3968 plus
393 3908 487 3954 annos
515 3888 637 3952 Livium
664 3889 801 3952 tractans
830 3906 959 3970 magnas
990 3888 1111 3972 Polybii
1136 3891 1241 3971 partes

176 3991 365 4057 Bekkeriano
392 3995 529 4078 exemplo
556 3995 643 4059 utens
672 4011 897 4076 percurrerem,
930 3995 1077 4075 occupata
1104 3995 1144 4059 ab
1172 3994 1241 4059 aliis
