2580 4530
581 243 640 298 Lib
658 242 712 299 111.
1072 244 1134 308 465

107 443 178 516 τῶν
208 438 381 526 τετάρτων
410 436 532 526 μόνοις
555 435 744 526 ἐπάναγκες
765 455 835 514 τοῖς
858 434 1005 528 πρώτοις
1027 446 1082 511 καί
1104 447 1176 522 τοίς

110 550 293 633 δευτέροις.
337 549 463 632 (Vulgot
495 541 554 613 εἶτ’
583 553 618 611 ἐκ
642 548 705 612 τοὺ
730 541 894 629 τετάρτου
916 546 1174 639 τάνιτετάρτων
1227 557 1230 563 ’

110 657 168 722 aut
187 655 260 721 των
287 647 477 738 τεττάρων,
510 655 569 719 hoo
596 646 720 737 quidem
737 672 890 735 =perverse
916 656 1096 734 abundans;=
1120 659 1176 725 sed

110 762 177 829 τοῦ
198 755 364 844 τετάρτου
384 758 495 842 potius
510 758 697 842 adficriptum
715 758 837 825 videtur
857 758 897 823 ad
917 760 990 827 τῶν,
1006 761 1175 849 τετάρτων

111 887 208 953 quam
229 867 287 932 hoc
310 865 350 932 ad
370 865 462 951 illud5
503 864 587 928 Nam
609 869 640 929 σί
669 869 705 929 ἐκ
732 865 796 930 τοῦ
821 859 959 948 πρώτου
965 913 977 942 ,
1005 869 1173 956 δευτέρου,
1213 937 1215 941 ,

110 974 244 1059 τρίτου,
266 964 430 1055 τετάρτου
450 965 645 1054 τιμήματος
666 970 759 1055 etiam
780 970 960 1055 simpliciter
980 977 1013 1038 οἱ
1035 976 1172 1059 πρῶτοι,

111 1072 267 1165 δεύτεροι
287 1079 344 1143 cet.
367 1076 581 1158 appellantur.)
1043 1143 1046 1148 .

211 1185 280 1252 Ibd.
304 1184 362 1250 σ.7
385 1183 442 1248 sub
462 1181 516 1246 fin.
539 1187 582 1260 (4,
610 1183 678 1260 12):
706 1183 785 1249 Τῶν
805 1174 869 1250 οὖν
889 1178 1053 1250 τοιοάτων
1075 1179 1173 1273 άρχή,

109 1293 248 1377 μάλλον
263 1290 325 1357 τοὺ
340 1283 402 1361 τάς
421 1281 539 1360 οάοίας
561 1281 748 1373 ὁμαλίζειν,
768 1283 808 1374 τά
829 1284 911 1364 τοάς
928 1294 994 1375 μὲν
1015 1298 1174 1367 ἐπιεικεῖς

108 1400 154 1487 τῇ
184 1392 285 1484 φάσει
313 1390 492 1468 τοιοάτους
516 1386 785 1480 παρασκευάζειν
809 1420 837 1460 κ.
862 1423 892 1462 τ.
916 1399 943 1462 λ.
1003 1398 1063 1464 Pro
1087 1394 1172 1486 άρχή

107 1503 276 1588 requiritur
295 1522 354 1568 vox
379 1501 590 1567 remedium
612 1500 795 1585 significans.
839 1502 961 1568 Ususne
983 1506 1032 1569 εεί
1052 1505 1171 1573 Aristo-

107 1611 189 1676 teles
224 1609 342 1692 poetico
376 1607 522 1673 vocabulo
557 1599 665 1691 α’λκήί
721 1608 803 1673 Nam
837 1605 918 1680 άκοε
952 1609 1046 1694 longe·
1072 1612 1172 1679 forma

107 1715 252 1782 discedit.
799 1721 801 1728 '
907 1772 911 1781 ,

210 1820 279 1887 Ibd.
303 1839 328 1884 ο.
352 1820 371 1882 8
390 1819 472 1883 med.
495 1818 539 1902 (5,
562 1819 608 1895 7);
635 1810 679 1883 ,τό
702 1845 738 1884 τε
761 1820 900 1903 πλῆθος
923 1816 1056 1908 άπορον
1077 1833 1170 1890 ἔσται

108 1928 177 1992 τῶν
200 1926 352 2011 καρπῶν,
375 1930 408 2001 ἐξ
430 1913 476 1990 οἷν
498 1933 635 1998 ἕκαστος
660 1922 860 2012 γεωργήσει,
889 1920 948 1993 άάο
971 1928 1093 2003 οἰκίαις
1115 1932 1171 2009 (sic

106 2035 190 2098 recte
199 2031 393 2098 Camerarius
414 2049 469 2113 pro
491 2031 626 2111 οἰκίας),
650 2033 704 2098 καί
726 2032 819 2105 τίνος
840 2042 955 2099 ε”νεκεν
976 2028 1037 2101 οάκ
1059 2029 1171 2111 εὐθάς

108 2133 178 2204 εἶπά
212 2139 276 2223 τής
302 2139 366 2224 γής
395 2138 449 2202 καὶ
480 2137 548 2202 τῶν
579 2131 693 2204 αὐτῶν
725 2131 856 2223 κλήρων
880 2133 997 2214 αὐτοῖς
1020 2168 1068 2208 ’τε
1105 2139 1170 2228 τήν

107 2238 241 2331 τροφήν
264 2237 432 2327 λήψονται
449 2246 503 2310 καί
521 2257 592 2316 τοῖς
605 2243 769 2328 μαχίμοις
784 2248 1005 2331 παρέξουσιν,·
1029 2249 1169 2316 Scriben-

108 2352 198 2417 dum:
222 2343 284 2416 οάκ
307 2343 418 2422 εάθάς
440 2343 505 2432 εἶφ’
530 2345 627 2433 ὅλης
648 2349 708 2433 τής
728 2351 800 2438 γῆς.

199 2457 276 2523 .Ibd.
300 2475 326 2520 c.
345 2455 364 2517 9
386 2456 454 2522 init.
477 2457 519 2536 (6,
542 2458 588 2534 2):
613 2451 698 2522 Ὅτι
727 2463 792 2541 μὲν
822 2448 885 2524 οὖν
917 2457 968 2524 δεῖ
1004 2462 1047 2550 τῇ
1083 2465 1166 2546 μελ-

109 2555 216 2651 λοάσῃ
238 2561 346 2634 καλῶς
368 2555 615 2628 πολιτεύεσθαι
631 2558 696 2648 τήν
711 2564 779 2629 τῶν
793 2557 988 2651 άναγκαίων
1002 2560 1169 2655 ὑπάρχειν

109 2666 245 2756 σχολήν,
266 2661 546 2753 ὁμολογούμενόν
559 2675 660 2735 ἐστιν.
695 2669 791 2736 Credo
806 2672 915 2756 fuisse:
938 2672 980 2759 τή
995 2667 1168 2759 μελλοήοή

110 2776 218 2849 καλῶς
241 2768 367 2840 πόλει
390 2767 645 2841 πολιτεύεσθαι.

208 2881 276 2946 Ibd.
290 2881 349 2946 (3.9
366 2883 437 2945 ante
452 2881 533 2945 med.
561 2883 604 2961 (6,
628 2883 695 2961 12):
719 2880 774 2946 καί
786 2904 889 2963 φασιν
901 2882 989 2948 είνοιί
1000 2909 1085 2950 ποτε
1097 2899 1169 2959 τοῖς

110 2985 345 3072 Σπαρτιάταις
367 2989 431 3052 καί·
444 2988 599 3071 μυρίους.
633 2988 745 3052 Sorib.:
768 2981 864 3058 τοάς
887 2985 1167 3074 Σπαρτιάτας.

208 3077 468 3159 lbd.c.100irca
492 3094 572 3159 med.
596 3097 639 3172 (7,
662 3095 708 3172 5):
733 3094 787 3158 καί
809 3088 897 3177 πράς
917 3090 981 3179 τήν
1004 3093 1168 3178 διάζευξιν·

109 3201 175 3266 τῶν
206 3200 389 3287 γυναικών,
421 3206 477 3264 ἵνα
508 3198 560 3283 μή
592 3199 834 3273 πολυτεκνῶσι,
873 3196 938 3283 τήν
969 3197 1056 3285 πράς
1089 3198 1171 3276 τοάς

110 3303 255 3392 ἄρρενας
277 3300 423 3391 ποιήσας
444 3300 594 3389 ὁμιλίαν.
628 3306 749 3371 Excidit
761 3305 946 3372 adiectivum
956 3306 1037 3372 inter
1061 3310 1169 3380 πολυ-

110 3413 249 3480 τεκνῶσι
271 3407 388 3496 θίτήν
411 3412 575 3488 (σπανίων
590 3410 655 3495 τήν
674 3407 760 3497 πρὸς
781 3439 810 3477 τ.
833 3408 907 3499 άρρ.
929 3417 982 3478 aut
1004 3413 1168 3492 similitor).

211 3520 272 3598 (De
294 3519 325 3583 II
348 3537 374 3583 c.
398 3520 435 3578 11
459 3520 530 3601 post
551 3518 632 3582 med.
658 3520 700 3602 (ὃ,
724 3522 754 3597 7)
776 3519 838 3584 vid.
860 3538 892 3601 p.
917 3520 985 3601 34.)

207 3624 491 3706 Lib.1110.1posss
510 3623 591 3688 med.
615 3626 657 3702 (l,
681 3625 728 3701 6):
751 3629 811 3692 Δεῖ
833 3626 867 3692 δὲ
890 3618 941 3711 μή
965 3615 1169 3699 λανθάνειν,

111 3725 160 3795 ὅτι
183 3731 252 3795 των
274 3723 487 3817 πραγμάτων
509 3735 545 3794 ἐν
567 3727 617 3803 οἷς
638 3725 680 3794 τά
709 3725 920 3815 ὑποκείμενα
948 3731 1098 3815 διαφέρει
1124 3731 1169 3816 τῷ

111 3837 190 3902 εἴδει
216 3883 223 3898 .
250 3883 257 3898 .
283 3883 304 3911 .,
338 3830 419 3920 ήτό
443 3828 610 3920 παράπαν
632 3830 730 3904 οάιλίν
753 3845 862 3913 ἐστιν,
890 3825 912 3926 ή
934 3839 1074 3902 τοιαῦτα
1082 3883 1093 3914 ,
1130 3829 1168 3900 τά

112 3937 226 4009 κοιιάν
249 3936 270 4026 ή
291 3943 462 4028 γλίσχρως.
500 3941 564 4008 Ser.
590 3937 612 4028 ή
635 3944 672 4009 τά
696 3935 863 4026 παράπαν
885 3937 969 4009 οὐδ’
992 3949 1169 4014 ἔνεστιν,

111 4036 310 4136 ήτοιαυτα,
334 4045 373 4115 τά
399 4044 516 4114 κοινάν
538 4041 560 4131 ή
581 4049 751 4134 γλίσχρως.

157 4154 268 4189 mnvmu
279 4154 359 4189 Αοηιι.
371 4156 421 4189 cm.
942 4159 975 4203 30
