2580 4530
598 236 658 293 Iaib.
677 237 701 293 1.
1082 237 1141 299 143

104 438 239 503 omittit
284 436 372 502 Nihil
392 435 453 502 orit
472 435 555 513 miri,
576 434 604 502 si
626 437 691 501 trel
714 437 935 524 Ζωστῆρος
959 437 1127 520 scripseris,
1148 440 1185 505 ut

107 542 226 609 Atticm
258 542 345 609 riom
367 544 400 607 ot
422 540 671 625 promuntorium
690 541 899 628 intellegatur,
920 543 962 609 ad
982 543 1065 626 quod
1084 543 1184 626 philo-

106 649 224 731 sophos
245 649 390 714 aestuare
411 650 445 713 ot
464 646 557 712 otiari
577 647 683 713 solitos
715 651 852 732 apparet.
897 650 1007 732 Itaque
1031 649 1126 714 etiam
1148 653 1185 715 tv

105 757 154 839 τῷ
178 748 298 841 ἡδίονι
319 753 398 820 alius
420 752 612 838 significatur
631 752 825 819 Athenarum
849 755 1038 820 autAttioae
1058 754 1143 820 locus
1166 773 1185 818 a

106 860 307 945 philosophis
331 859 521 934 celebratum
552 857 590 936 is,
619 857 652 921 ni
672 857 773 939 fallor,
804 860 917 925 odeum
949 859 1023 924 fuit:
1060 865 1101 924 ἐν
1132 859 1184 946 τῷ

108 961 254 1052 otleipi.
298 964 454 1042 (Alterum
467 964 651 1030 contritum
674 963 782 1029 locum·
799 964 886 1029 dedit
906 991 928 1050 η
947 965 1186 1049 interponendi.)

107 1066 173 1139 Ἐν
196 1073 246 1156 τῷ
270 1064 374 1156 ᾠδείῳ
396 1070 600 1155 Chrysippum
623 1065 790 1155 σχολάσαι,
814 1070 965 1154 Diogenes
991 1070 1093 1136 baert.
1109 1071 1184 1147 vll,

111 1179 172 1241 184
195 1176 293 1243 testis
311 1179 372 1242 ost.
631 1206 639 1224 =

215 1282 377 1362 (XXVIII)
405 1281 500 1362 Apud
521 1280 688 1346 Lucianum
717 1282 749 1346 in
770 1282 922 1364 piscatore
943 1301 969 1347 o.
991 1281 1031 1344 39
1050 1282 1186 1363 Parrhe-

106 1390 225 1465 siades,
240 1388 384 1453 omnibus
395 1387 556 1452 sententiis
567 1387 737 1464 absolutus,
748 1388 913 1453 exclamet:
938 1382 1183 1474 Προοειιδνησα

106 1495 174 1578 τήν
197 1520 239 1582 γε
257 1486 415 1578 πρώτην·
438 1492 631 1577 μᾶλλονδὲ
653 1487 899 1579 τραγικώτερον
921 1486 1005 1560 αδτδ
1029 1487 1186 1578 ποιήσειν

105 1630 169 1688 μοι
194 1601 301 1668 δοκῶ·
326 1593 535 1684 σεμνότερον
555 1594 636 1686 γάρ·
660 1590 814 1686 Ὦμέγα
828 1594 937 1684 σε’μνή
951 1601 1057 1683 Νίκη,
1071 1627 1100 1666 κ.
1112 1627 1143 1666 τ.
1156 1604 1184 1667 λ.

106 1710 201 1775 verri
222 1707 328 1773 video:
349 1706 536 1790 Equidem
556 1702 671 1771 init'io
690 1709 763 1771 ianr
786 1706 953 1771 adorari.
1003 1704 1064 1770 Sed
1086 1726 1185 1789 neque
1263 1696 1266 1701 ’

107 1815 175 1900 τήν
200 1806 344 1898 πρώτην
372 1815 422 1878 cst
442 1812 573 1891 initio,
606 1830 704 1895 neque
736 1815 774 1898 γι·
805 1812 878 1877 ferri
907 1812 1010 1895 potest
1036 1812 1186 1889 (saltem

107 1923 246 1999 initio)
284 1908 385 2002 neque
425 1917 529 1983 omitti
565 1920 658 1996 recte,
691 1938 783 2001 quam
815 1920 978 1985 veneratus
1016 1916 1058 1982 sit
1095 1915 1186 1981 deum

107 2027 282 2097 (nominem
294 2025 401 2090 autem
413 2025 645 2119 estveneratus
668 2043 694 2089 o.
707 2026 770 2104 29),
782 2028 814 2090 et
834 2009 926 2108 longe
947 2021 1041 2087 aliem
1063 2024 1186 2086 senten-

108 2134 190 2198 tiam
213 2133 367 2214 postulat,
391 2149 458 2211 quae
485 2130 637 2212 sequitur,
666 2130 812 2196 correctio
834 2132 966 2215 μᾶλλον
990 2129 1034 2194 δι’.
1083 2128 1186 2193 Mani-

108 2241 229 2305 festum
266 2256 333 2302 esse
362 2237 428 2301 iarn
457 2254 492 2299 er
527 2235 674 2300 orationis
702 2237 802 2301 forma
827 2237 919 2301 debet
950 2228 1185 2319 προσεκύνησα

107 2345 275 2410 notissimo
308 2361 368 2407 usu
402 2341 463 2405 dici
497 2359 551 2423 pro
582 2340 726 2422 praesenti
759 2343 796 2406 de
830 2342 944 2407 affectu
970 2360 1051 2407 nuno
1084 2361 1187 2407 erum·

109 2452 222 2531 pento;
257 2449 421 2512 veneratur
448 2448 551 2510 autem
577 2447 689 2512 iudicio
713 2448 812 2512 uictor
839 2448 1024 2526 Victoriam,
1052 2448 1187 2530 primum

109 2553 317 2636 simpliciter:
377 2545 620 2637 Προσεκυνησα
662 2550 727 2638 τήν
767 2547 1005 2637 Πτεραιτήν.
1068 2553 1187 2618 Deinde

109 2659 367 2743 magnificentius
388 2661 488 2741 poetae
508 2660 610 2725 verbis
634 2661 740 2724 utitur.
782 2660 877 2724 Alata
894 2660 952 2725 dea
972 2661 1005 2724 in
1029 2661 1088 2726 hoo
1116 2677 1183 2724 ora·

109 2766 211 2829 nonis
242 2767 389 2829 contextu
412 2786 479 2849 quae
500 2767 735 2850 significaretur,
756 2785 846 2830 nemo
869 2765 993 2831 Graecus
1016 2767 1184 2831 dubitabat.

219 2869 351 2947 (XXIX)
385 2871 472 2935 Idem
499 2873 651 2936 Lucianus
677 2873 709 2935 in
737 2872 814 2936 libro
845 2872 913 2936 adv.
936 2873 1093 2938 indoctum
1114 2892 1141 2937 ο.
1166 2872 1187 2930 4

110 2977 279 3040 hominem
311 2977 399 3042 libris
434 2978 607 3043 coemendis
642 2978 790 3042 doctrinae
821 2964 948 3042 'laudem
982 2979 1185 3062 aucupantem

111 3084 221 3166 negat,
252 3082 374 3147 etiamsi
393 3085 632 3167 pretiosissimos
662 3082 782 3147 codices
808 3085 993 3166 possederit,
1024 3085 1186 3167 quicquam

112 3188 152 3250 ad
176 3187 355 3251 doctrinam
371 3191 593 3270 profecturum:
617 3184 716 3254 Κατδ
740 3185 913 3272 δήτοῦτο
937 3200 987 3277 ι”χι
1011 3180 1186 3271 ξυλλαβών

114 3301 231 3357 ἐκεῖνα
256 3290 299 3357 κδ
322 3294 382 3358 τοτ’
406 3298 671 3378 Δημοσθένους,
705 3292 767 3361 ὅσα
797 3297 839 3384 τῇ
864 3299 950 3383 χειρὶ
972 3296 1015 3383 τῇ
1037 3284 1186 3358 αὑτοῦδ

115 3392 230 3482 ῥήτωρ
258 3409 396 3485 εἶ’γραιυε,
420 3404 473 3466 καὶ
502 3397 542 3467 ια’
574 3402 636 3467 τοὺ
661 3403 887 3476 Θουκυδιδσυ,
918 3400 983 3468 ὅσα
1006 3395 1100 3485 παροδ
1124 3396 1185 3462 τοῦ

116 3512 372 3590 Δημοσθένους
394 3511 448 3572 καὶ
465 3503 552 3574 αὐτοὶ
575 3502 713 3582 ὀκτάκις
723 3514 1035 3595 μεταγεγραμμένα
1058 3499 1186 3588 εὑρέθη

118 3614 242 3686 καλῶς,
275 3608 412 3679 ἅπαντα
443 3621 572 3681 ἐκεῖνα.
604 3611 883 3709 ὅσαδΙΣύλλας
904 3606 1113 3698 Ἀθήνηθεν
1136 3615 1184 3681 εἰς

117 3714 273 3785 Ἰταλίαν
296 3720 474 3803 διέπεμψε,
501 3723 534 3786 τί
556 3716 726 3789 σ’ἷνπλέον
749 3729 783 3788 ἐκ
805 3720 929 3788 τούτου
950 3726 999 3792 εἰς
1028 3716 1187 3782 παιδείαν

119 3819 283 3910 κτήσαιο,
313 3827 429 3910 Ignara
455 3847 578 3909 prorsus
606 3831 638 3893 et
663 3829 844 3913 pravissimo
872 3828 937 3892 loco
967 3826 1036 3909 post
1059 3815 1187 3905 εὑρέθη

119 3931 196 3996 illud
219 3932 332 4004 καλῶς
353 3932 478 3996 additur
498 3933 532 4001 iu
553 3935 657 3999 codice
672 3935 805 4016 pretium
828 3952 954 3997 amauu
969 3927 1187 3995 Demosthenis

119 4039 255 4118 habenti,
278 4040 540 4123 manifestumque
571 4042 619 4104 est
644 4040 700 4105 hoo
729 4038 889 4103 sententiaa
911 4037 1086 4104 membrum
1107 4031 1189 4096 liniri
