2580 4530
198 251 258 314 120
439 272 441 277 ’
632 254 692 309 Lib.
711 258 733 309 Ι.

121 438 124 441 ’
154 453 267 519 littoris
295 450 424 517 discedit
451 471 506 517 nec
534 453 738 537 antiquiorem
760 458 1002 540 meteorologicis
1025 457 1213 523 Aristoteliis

155 561 369 642 auctoritatem
390 559 501 637 babet;
524 553 606 642 'quod
627 560 666 626 ad
687 561 873 643 sententiam
894 564 995 646 aptius
1017 566 1099 628 esset
1122 565 1154 628 et
1176 565 1214 628 ad

153 667 273 732 litteras
316 665 455 748 propius,
506 657 783 753 ἅπειρολογοῠσι,
835 687 894 732 non
934 669 1085 753 reperitur
1133 671 1214 753 apud

156 772 328 854 scriptores,
351 765 570 857 α’πειρολογία
593 774 744 838 tantume
760 773 851 838 Sexto
863 774 1018 858 Empirico
1042 776 1214 841 annotatur.

198 889 202 896 '
255 878 357 962 Atque
378 879 453 957 baec,
476 899 568 962 quam
587 876 777 958 adumbravi,
799 879 978 945 coniecturae
991 879 1070 945 ratio
1083 881 1140 957 est,
1162 882 1216 946 ubi

155 986 186 1072 in
208 984 345 1050 codicum
366 984 504 1068 vestigiis
527 984 697 1065 autfirmis
720 986 855 1049 autnon
879 985 971 1050 nimis
997 987 1122 1052 lubricis
1144 1007 1215 1052 con·

156 1091 243 1158 stitui
256 1092 358 1173 potest
374 1093 406 1156 et
418 1070 577 1167 sententiae
593 1091 696 1155 tenore
707 1091 867 1175 perspicuo
882 1092 1092 1178 sermonisque
1105 1111 1215 1177 genere

31 1255 33 1259 .
156 1199 228 1263 noto
240 1199 270 1262 et
288 1199 369 1262 certo
390 1198 514 1281 regitur.
548 1195 611 1261 Ubi
627 1199 681 1261 aut
691 1196 769 1261 nulli
782 1199 854 1262 sunt
865 1197 925 1262 nisi
939 1200 1075 1263 recentes
1090 1201 1121 1264 et
1133 1199 1215 1264 leves

156 1303 273 1369 codices
296 1305 349 1368 aut
369 1304 421 1368 ubi
443 1303 537 1369 etiam
559 1320 613 1385 per
633 1302 815 1369 vetustiores
837 1301 954 1368 codices
976 1303 1023 1381 (ut
1041 1303 1072 1367 in
1086 1304 1214 1369 Caesaris

156 1410 230 1475 belli
251 1409 348 1496 civilis
369 1410 472 1486 libris,
499 1408 532 1472 in
553 1407 653 1491 prima
672 1407 796 1491 quidem
816 1409 887 1473 libri
908 1408 1000 1491 primi
1020 1410 1107 1491 parte
1128 1430 1214 1493 paene

155 1515 396 1593 incredibiliter.)
421 1533 535 1599 magna
556 1516 588 1579 et
609 1533 645 1578 ex
666 1514 824 1595 scripturae
836 1513 1016 1598 antiquioris
1027 1514 1215 1598 ignoratione

156 1622 332 1706 depravatio
357 1623 389 1685 et
414 1621 611 1714 interpolatio
636 1620 790 1704 pervasit,
822 1639 880 1703 qno
913 1619 1013 1705 magis
1043 1620 1216 1687 coniectura

26 1789 29 1797 ,
156 1739 232 1812 opu's
256 1731 312 1807 est,
343 1747 378 1807 eo
401 1727 463 1792 iere
489 1727 591 1792 minus
619 1727 744 1794 efficere.
759 1746 796 1792 ea
823 1727 936 1810 potest.
986 1725 1047 1790 Ubi
1078 1746 1149 1792 vero
1177 1728 1216 1792 ad

155 1836 306 1901 incertam
326 1819 464 1899 codicum
493 1833 587 1899 fidem
614 1827 790 1899 etiam'alia
813 1832 963 1897 accedunt
983 1833 1215 1916 impedimenta,

156 1941 242 2006 velut
266 1961 302 2006 ex
323 1941 471 2007 sermonis
492 1960 606 2023 parum·
621 1941 830 2022 exemplorum
847 1939 933 2021 copia
952 1938 1068 2003 firmati
1089 1937 1216 2011 audacia

156 2050 190 2114 et
210 2033 388 2126 insolentia,
419 2048 450 2111 et
478 2045 680 2114 librariis.ad
702 2045 864 2110 errandum
886 2045 1054 2127 opportuna
1076 2046 1108 2109 et
1129 2045 1215 2110 nobis

157 2155 196 2222 ad
217 2152 412 2219 iudicandum
429 2151 565 2230 difficili,
586 2153 618 2216 et
639 2170 674 2216 en
692 2152 815 2216 turbata
827 2151 859 2214 in
871 2149 1056 2216 carminibus
1071 2169 1214 2216 versuum

156 2259 270 2337 forma,
310 2255 469 2323 dubitandi
498 2256 689 2339 amplissima
716 2259 763 2322 est
790 2258 938 2331 materia,
973 2257 1063 2338 plane
1091 2257 1215 2340 coargui

68 2448 72 2456 X
156 2354 301 2446 pauciora
327 2367 464 2447 possunt,
493 2363 687 2428 correctionis
709 2382 779 2428 vero
800 2365 884 2428 certa
904 2363 980 2428 fides
1004 2361 1098 2427 etiam
1119 2362 1216 2427 rarior

124 2456 133 2489 ⁷
158 2473 215 2548 est,
237 2471 278 2535 ut
294 2468 433 2535 cohibere
458 2469 644 2534 conatumet
658 2468 879 2535 dubitationem
892 2469 1050 2533 autetiam
1067 2468 1214 2532 mendum

157 2577 274 2641 certum
306 2575 491 2658 relinquere.
504 2594 596 2657 quam
622 2575 789 2659 periculose
816 2574 922 2639 ludere
954 2566 1097 2657 praestet,
1131 2574 1216 2639 velut

158 2701 238 2765 saepe
259 2682 291 2746 in
309 2680 445 2764 AEschyli
465 2676 632 2764 tragoediis,
655 2680 714 2745 etsi
734 2681 861 2745 minime
883 2681 1040 2764 aequaliter
1060 2680 1093 2744 in
1116 2681 1216 2745 omni-

157 2787 222 2852 bus.
257 2789 293 2852 In
315 2785 384 2852 aliis
406 2784 549 2851 facilioris
572 2787 692 2870 generis
716 2787 914 2870 scriptoribus
936 2787 1141 2854 multis¹locis
1161 2806 1216 2871 per

157 2893 269 2959 menda
291 2894 330 2959 ad
351 2893 485 2977 speciem
506 2893 689 2978 gravisdma
716 2895 748 2958 et
775 2913 929 2959 summam
950 2894 1123 2959 litterarum
1144 2913 1216 2976 per-

157 2999 362 3067 turbationem
380 3000 513 3082 pellucet
524 3002 637 3075 tamen,
659 3001 830 3081 praesertim
845 3001 873 3065 si
893 3001 962 3065 rudi
982 2999 1104 3066 tantum
1126 3003 1217 3084 tegu-

157 3107 263 3171 mento
294 3105 426 3170 obducta
456 3106 583 3173 uulnera
610 3125 666 3171 nec
695 3106 754 3170 alio
783 3107 874 3192 longe
901 3107 1022 3173 detorta
1049 3108 1138 3185 sunt,
1171 3106 1217 3170 ita

159 3213 244 3278 certa
277 3212 438 3278 sententiae
471 3213 641 3297 progressio
674 3215 705 3276 et
743 3214 906 3278 verborum
939 3232 1004 3279 rem
1045 3214 1217 3279 necessario

159 3319 353 3403 sequentium
373 3319 498 3394 forma'‚'
517 3320 553 3384 ut
573 3337 681 3383 verum
703 3320 736 3384 et
755 3319 938 3398 inveniriet
960 3317 1085 3385 invento
1107 3318 1217 3384 confidi

158 3425 264 3507 possit.
308 3425 389 3506 Quid
409 3424 511 3508 potest
532 3425 613 3489 enim
644 3425 753 3491 foedius
777 3427 952 3508 corruptum
976 3425 1120 3493 essehoc
1142 3424 1218 3488 Plu·

38 3558 40 3563 ·
157 3531 256 3599 tarchi
283 3531 315 3596 in
347 3533 468 3615 quaestt.
493 3522 611 3596 conviv'.
635 3531 687 3606 Ν,
717 3532 747 3610 5,
769 3531 798 3606 3,
825 3534 841 3593 l
864 3533 945 3606 loco,
973 3533 1026 3597 ubi
1046 3531 1124 3598 ratio
1146 3531 1218 3596 red·

159 3636 249 3710 ditur,
273 3656 327 3702 cur
347 3639 484 3722 leporum
495 3657 585 3704 carne
598 3636 694 3716 Iudaei
719 3636 907 3703 abstineant:
937 3632 991 3704 Ου’
1014 3639 1123 3721 dique,
1139 3638 1218 3722 ἔφη]

159 3734 382 3828 ὁΛαμπρίας
403 3738 603 3839 ὑπολαβών,
627 3736 712 3808 citio?
736 3743 799 3843 acc]
818 3749 884 3830 pcto
906 3746 1040 3831 λαγωοῦ
1063 3737 1218 3830 [datque]

35 3848 39 3853 ’
158 3874 214 3915 ται
238 3844 292 3915 dcci
316 3846 381 3939 τήν
402 3846 488 3936 πρός
509 3845 571 3918 τόν
589 3853 695 3936 μένον
709 3838 770 3916 ὑπ’
783 3843 896 3917 αὐτῶν
907 3853 1078 3934 μυ***στα
1092 3852 1219 3937 θηρίον

160 3944 380 4042 ἐμφέσῑιατόν.
424 3952 470 4025 ‘0
491 3953 556 4045 γάρ
579 3951 689 4044 λαγώς
710 3959 883 4044 μεγέθους
907 3967 995 4026 tecue
1018 3959 1072 4024 uui
1097 3951 1220 4046 τάχους

160 4068 196 4131 ἐν
220 4064 343 4138 δεινοῖς
366 4065 474 4132 εἶναι·
503 4067 558 4132 καὶ
579 4061 645 4154 yrip
668 4058 690 4150 ἡ
713 4058 794 4151 χρόα
824 4064 878 4130 καὶ
904 4059 946 4131 aci
967 4056 1041 4132 Ῑιῖτα
1072 4066 1127 4130 nal
1150 4067 1219 4130 acio
