2580 4530
530 203 591 259 Lib.
608 203 658 261 1v.
1020 214 1081 276 499

62 409 143 493 cipio
170 405 276 473 addite
300 402 472 470 necessario
494 402 704 468 scribendum:
741 406 791 491 τῇ
817 401 896 491 Ἤρ
904 433 935 492 ᾳ.
979 409 1053 486 (Gir.
1085 413 1125 479 ad

59 512 220 593 πυ.)
747 575 758 599 ,

165 617 231 684 Lib.
255 615 324 693 XV,
349 615 385 678 l:
408 614 464 679 ἐπί
487 608 568 688 τους
591 628 740 701 συνεχεῖς
765 617 826 701 τῆς
848 622 998 704 ἱστορίας
1018 651 1125 708 μετα.

59 717 250 812 βησόμεθα
274 716 360 806 πρὸς
381 719 424 809 τῇ
445 720 560 807 γραφῇ
581 712 731 806 χρόνους.
771 722 866 789 Plura
887 729 1020 795 mutant.
1057 733 1127 798 Una

61 830 202 899 tollenda
222 830 271 896 esi
290 825 465 911 praepesiiio
488 844 581 908 prave
605 826 718 906 arria,
745 845 815 893 eum
836 832 930 898 verba
951 854 1010 901 non
1032 838 1126 905 intel·

62 938 260 1023 legerentur:
297 934 352 999 ἐπί
383 926 464 1004 τοιίς
489 946 638 1018 συνεχεῖς
664 935 725 1018 τῆς
753 937 901 1020 ἱστορίας
928 943 1127 1028 μεταβησό-

63 1050 162 1130 μεθα
185 1041 230 1130 τῇ
249 1039 365 1128 γραφῇ
387 1031 543 1126 χρόνους,
578 1040 735 1105 scribendo
765 1044 968 1112 transibimus.
1027 1049 1126 1126 Idem,

64 1148 147 1234 quod
167 1147 219 1213 hie
240 1146 391 1212 Diodorus
412 1146 637 1231 μεταβαίνειν
656 1148 699 1234 τῇ
720 1151 846 1234 γραφῇ,
867 1150 985 1228 XVIII,
1007 1153 1047 1216 53
1069 1173 1127 1238 ap.

64 1254 194 1341 pelluvii
215 1245 463 1339 μεταβιβάζων
485 1247 549 1335 τήν
571 1248 784 1341 α’ναγραφήν.

166 1358 235 1427 1οὰ
252 1358 288 1422 6:
315 1353 391 1442 μετ’
413 1353 530 1445 ὀλίγον
553 1359 586 1424 δὲ
608 1362 676 1426 τών
697 1362 877 1449 γνωρίμων
898 1358 972 1447 ἅμα
987 1369 1042 1431 καὶ
1065 1367 1129 1434 του

66 1467 253 1537 Διονυσίου
267 1468 550 1551 παραιτουμένων
566 1463 632 1552 τήν
653 1464 796 1553 ε’ίκαιρον
817 1471 1021 1556 παρρησίαν.
1057 1473 1128 1539 Non

64 1576 169 1658 ipsum
187 1573 370 1658 Dionysium
387 1572 554 1640 Philoxeno
577 1573 721 1653 suasisse,
744 1575 779 1638 ut
799 1573 978 1657 prudentius
1000 1595 1129 1660 respen-

66 1680 165 1758 deret‚
187 1697 244 1744 uee
263 1679 292 1743 ei
305 1678 504 1744 Philoxenum
525 1677 559 1743 id
580 1679 766 1761 promisisse,
793 1680 1044 1763 quadraretur,
1065 1681 1130 1747 iam

66 1786 120 1853 alii
133 1785 359 1851 intellexerunt
393 1784 503 1851 Scrib.:
526 1785 593 1850 τών
614 1786 794 1870 γνωρίμων
816 1780 889 1865 ἅμα
912 1783 1052 1853 αὐτοῦ
1073 1789 1128 1852 καὶ

66 1894 129 1960 τοι]
161 1893 356 1959 Διονυσίου.
411 1891 596 1958 Communes
630 1893 723 1957 amiei
760 1893 792 1957 et
829 1891 998 1958 familiares
1029 1893 1130 1978 signi·

66 1999 210 2067 ficantur.

167 2103 235 2170 Ibd.
260 2104 314 2168 10:
347 2104 425 2186 περὶ
450 2102 483 2168 δὲ
508 2103 576 2168 τῶν
598 2103 758 2190 χρησμῶν
786 2111 888 2187 ἔφησε
918 2097 969 2187 μή
997 2125 1130 2189 χρημα-

67 2213 171 2292 τίζειν
192 2205 255 2278 τὸν
282 2203 369 2275 θεόν
401 2201 556 2275 καθόλου
589 2213 667 2296 περὶ
702 2203 877 2277 θανάτου·
915 2212 969 2276 καί
1004 2203 1131 2277 τούτου

65 2311 244 2402 μάρτυρας
274 2315 452 2402 παρείχετο
480 2307 614 2393 πάντας
641 2312 723 2391 τοίς
751 2310 925 2401 παρόντας
943 2313 1130 2401 Ἕλληνος.

66 2426 212 2509 Ineptum
233 2422 312 2488 illud
333 2424 410 2505 περὶ
435 2418 602 2499 θανάτου,
628 2424 771 2507 quoniam
792 2424 1029 2489 insimulabatur
1049 2425 1131 2489 Tiri-

69 2532 160 2598 bazus
182 2530 319 2612 Delphos
339 2528 460 2593 misisse
477 2531 624 2612 quosdam
647 2531 838 2597 consulturos
861 2532 938 2615 περὶ
961 2531 1023 2614 της
1048 2538 1132 2597 επα-

71 2629 272 2717 ναστιίοεως,
295 2653 353 2700 uon
379 2633 415 2699 de
433 2638 531 2698 morte
553 2638 594 2713 (e.
608 2641 651 2715 8).
687 2638 907 2704 Seribeudum:
926 2633 977 2724 μή
1000 2661 1131 2724 χρημα-

70 2744 173 2825 τίζειν
194 2734 257 2806 τόν
285 2734 373 2807 θεόν
400 2735 553 2806 καθόλου
586 2735 962 2824 κίπερθαλαττίοις.
1021 2743 1132 2827 ltaque

70 2869 107 2915 ue
128 2848 291 2914 Tiribazus
312 2847 435 2930 quidem
458 2865 490 2912 se
515 2845 555 2910 ad
576 2847 794 2913 consulendum
815 2849 984 2915 admissum
1006 2850 1044 2913 iri
1066 2867 1133 2914 ere·

71 2955 140 3021 dere
162 2954 317 3037 posuerat.

171 3057 241 3124 Ibd.
268 3057 322 3122 16:
356 3050 411 3123 ιλισί
441 3058 475 3123 δὲ
498 3059 558 3141 τῆς
579 3060 646 3123 τών
669 3066 774 3144 ε”ργων
796 3051 974 3143 α’θλήσεως
997 3060 1134 3143 καὶτῆς

71 3169 137 3233 τῶν
168 3157 279 3250 λόγων
307 3158 548 3249 παρακλήσεως
573 3168 626 3230 καλ
648 3166 841 3250 γυμνασίας
864 3173 900 3231 ἐν
921 3179 992 3238 τοῖς
1011 3163 1134 3239 ὅπλοις

72 3266 224 3356 εὐπειθῆ
248 3272 302 3336 καί
331 3269 483 3354 δυνατήν
511 3273 646 3356 ἐποίησε
677 3267 740 3353 τήν
768 3265 938 3357 στρατιάν.
993 3272 1133 3336 Primum

73 3380 240 3446 tollendum
284 3378 492 3464 γυμνασίας,
531 3379 612 3462 quod
651 3379 690 3443 ad
723 3373 900 3464 α’θλήσεως
932 3376 1134 3459 adscriptum,

73 3486 141 3552 dein
164 3486 197 3550 iri
219 3484 355 3549 ahenum
377 3483 476 3548 lorum
501 3484 624 3549 illatum
647 3486 835 3552 sententiam
856 3484 1031 3570 perturbat3
1065 3484 1134 3547 tum

72 3593 141 3686 fuit:
175 3593 230 3656 καλ
260 3583 412 3674 δυνατήν
442 3595 477 3655 ἐν
506 3602 576 3661 τοῖς
598 3585 718 3665 ὅπλοις
741 3594 795 3657 καὶ
819 3584 969 3674 εὐπειθῆ
994 3589 1134 3672 ἐποίησε

73 3693 136 3784 τήν
158 3691 333 3783 στρατιάν.
377 3695 574 3760 Adiectivum
597 3691 749 3779 δυνατήν
767 3698 831 3762 Ιοοο
853 3696 972 3762 metum
994 3697 1058 3772 est,
1086 3695 1135 3758 iu·

74 3809 158 3873 vestu
177 3803 382 3893 γυμνασίας.

170 3910 243 3977 lbd.
266 3910 304 3972 27
328 3906 504 3977 οἰκοῦντες
526 3926 585 3972 non
606 3908 799 3984 mutandum,
821 3908 876 3973 sed
897 3905 1078 3983 tollendum,
1100 3905 1135 3968 ut

889 4012 936 4066 er·
