2580 4530
185 230 188 237 -
226 202 288 265 510
648 197 710 255 Lib.
726 200 777 257 lv.

184 401 329 467 alienum.
386 399 484 466 (trodo
523 399 670 482 scriptum
710 397 818 465 fuisse:
857 401 1068 487 ἐπίσημος
1110 396 1165 470 διδ
1204 397 1238 469 τδ

182 510 333 594 μέγεθος
353 505 421 571 τῶν
444 504 570 571 ὅπλων.
902 594 908 601 ο

282 611 349 678 Ibd.
371 612 410 678 ad
431 613 524 677 finem
546 612 670 697 capitis:
704 605 753 698 ἐφ’
774 608 825 686 οἷς
847 607 1038 700 περιαλγής
1059 608 1240 703 γενόμενος

182 712 308 793 αύτούς
331 710 552 805 διεγνωκότας
581 720 768 785 ἐπιθέσθαι
801 719 979 804 τυραννίδι
1011 715 1240 810 κατηγόρησεν

184 832 221 891 ἐν
250 826 295 912 τῷ
326 818 433 911 δήμῳ.
486 824 648 907 Nusquam
680 824 833 891 Diodorus
869 826 924 890 aut
957 826 1127 913 quisquam
1157 829 1240 895 huius

182 933 283 998 aetatis
314 945 513 1019 κατηγορεῖν
550 922 627 996 τινί
661 929 739 995 dixit
767 948 865 1015 neque
900 934 1067 1001 aecusatus
1106 937 1157 1001 est
1185 935 1238 1003 nisi

182 1058 261 1105 unus
271 1038 452 1105 Sosistratus
473 1040 620 1121 tanquam
628 1037 783 1120 tyrannidi
804 1036 938 1102 studens.
971 1036 1087 1108 θυσίαι
1112 1034 1239 1109 αὐτού

184 1137 232 1218 αῖς
255 1137 542 1230 διεγνωκότος.
587 1134 668 1221 (Ὦς
689 1141 862 1207 addendum
896 1142 960 1209 iam
992 1143 1048 1209 alii
1075 1144 1236 1225 viderunt)

282 1250 350 1316 Ibd.
384 1250 439 1313 17:
481 1245 624 1333 ὕστερον
654 1249 688 1315 δὲ
723 1244 804 1323 δούς
836 1249 941 1335 ἐαυτῷ
974 1241 1080 1336 λόγον
1101 1244 1238 1339 συνεχό-

183 1381 296 1442 ρησεν,
321 1353 373 1422 ὅτι
397 1402 405 1420 .
430 1404 438 1419 .
462 1400 469 1416 .
492 1349 715 1443 συμβήσεται.
760 1354 875 1423 θυσίαι
912 1349 1236 1445 συνεφρόνησεν.

183 1454 636 1544 stffismm

280 1566 347 1632 lbd.
377 1568 431 1632 20:
463 1561 482 1634 ὁ
508 1559 642 1633 Πύθων
673 1553 755 1651 ἧκεν
776 1561 869 1653 σ’ίγων
902 1612 988 1641 ...,
1010 1567 1080 1633 τῶν
1107 1563 1139 1636 δ’
1158 1563 1237 1637 ῶπο·

182 1672 304 1759 ζυγίων
335 1673 499 1740 τοσούτον
528 1665 682 1760 οἷριθιιόν
710 1667 794 1738 ῶστε
828 1665 1000 1739 δύνασθαι
1030 1678 1235 1743 καθοπλίσαι

182 1776 254 1843 πᾶν
275 1771 313 1843 τό
337 1774 576 1864 στρατόπεδον.
616 1777 716 1843 Nemo
752 1778 898 1843 iumentis
934 1782 988 1844 aut
1024 1800 1061 1847 ex
1096 1782 1236 1849 iumentis

182 1886 318 1950 armatur
340 1904 397 1951 σεο
423 1886 539 1953 milites
559 1884 652 1951 armis
681 1885 820 1969 egebant.
863 1884 978 1953 Scrib.:
1001 1892 1237 1957 καταπλου-

181 1991 219 2056 τί
226 2018 304 2058 σαι.

280 2097 347 2164 Ibd.
384 2100 439 2164 21:
476 2091 631 2170 αύλῶνοίς
665 2122 702 2161 τε
735 2089 801 2183 γῶρ
835 2095 902 2182 εἶχε
1043 2101 1099 2167 καί
1130 2127 1237 2186 παρα-

185 2203 303 2271 δείσων
325 2204 466 2288 φυτείας
487 2204 654 2279 ποικίλας,
687 2210 736 2269 ἔτι
771 2202 804 2268 δὲ
828 2204 1061 2272 παντοδαπῶν
1095 2207 1238 2295 δένδρων

183 2304 326 2393 φυσικῶς
348 2313 549 2399 συναγκείας
571 2311 626 2376 καί
648 2302 762 2403 ῥύσεις
782 2303 928 2377 ύδσίτων.
971 2309 1119 2396 Ineptum
1142 2340 1238 2401 φυσι-

184 2418 238 2483 καὶ
272 2430 483 2504 συναγκεῖαι,
515 2418 654 2500 ineptum
689 2431 883 2504 συναγκεῑαι
921 2417 1076 2503 δένδρων.
1132 2421 1240 2488 Subest

181 2523 365 2588 adiectivum
386 2523 597 2601 transitivum,
629 2542 648 2587 ε
673 2543 731 2606 quo
765 2512 1044 2608 ρεοδείδενδρωυ
1064 2527 1238 2610 genetivum

181 2627 214 2693 id
237 2631 312 2712 puto
334 2630 429 2696 fuisse
452 2622 643 2714 φυτικός,
664 2630 707 2691 αδ
730 2631 854 2694 arbores
873 2631 1042 2715 ρίγυεωδσε
1064 2642 1165 2716 aptas.

282 2734 350 2801 lbd.
388 2737 442 2800 22:
485 2737 551 2802 τῶν
589 2761 626 2800 τε
661 2735 824 2820 δευτέρων
857 2729 1037 2824 ἡγεμόνων
1078 2739 1135 2804 καί
1173 2739 1239 2804 τῶν

182 2846 239 2916 ε”ξω
260 2836 383 2916 τοίξεως
404 2844 460 2909 καὶ
483 2842 588 2928 φίλων
610 2845 664 2909 καί
689 2843 884 2928 στρατηγῶν
914 2845 968 2909 καὶ
998 2843 1067 2908 τῶν
1097 2848 1237 2911 ἱππέων.

180 2945 275 3011 Scrib.
296 2967 355 3013 uno
379 2951 434 3015 καὶ
460 2950 595 3016 sublato:
625 2950 679 3016 καὶ
709 2951 776 3015 τῶν
805 2955 863 3025 ἔξω
892 2947 1016 3024 τσίξεως
1045 2949 1155 3034 φίλων
1184 2953 1236 3018 καί

181 3055 387 3139 στρατηγῶν,
420 3058 588 3119 amicorum
615 3057 793 3140 ducumque,
822 3056 876 3140 qui
908 3054 1026 3119 παίίαυι
1061 3067 1177 3120 cerium
1207 3059 1238 3120 ιἰι

179 3161 307 3223 averoim
329 3172 355 3223 ιι
375 3163 441 3226 σῶα
462 3163 597 3226 ordinem
616 3163 761 3226 tenebam.

277 3267 343 3331 lbd.
384 3267 423 3330 58
457 3271 547 3333 extr.:
597 3261 909 3353 διαβεβαιούμενος
957 3273 993 3334 ἐν
1042 3263 1153 3358 ταύτῃ
1196 3271 1236 3357 τῇ

178 3374 300 3457 θερείη
337 3368 633 3440 α’ποπλευσεῖσθαι
667 3377 765 3441 ναυσὶ
810 3375 1057 3446 πεντακοσίαις.
1110 3375 1236 3460 Opinor:

178 3472 277 3544 αῶτό
286 3505 303 3553 ς
324 3483 559 3546 πλευσεῑσθαι.
606 3480 713 3562 (Dind.
737 3474 1059 3559 α’ναπλευσεῑσθαι.)

275 3587 342 3651 Ibd.
378 3587 416 3648 65
448 3586 532 3651 init:
578 3580 817 3670 διεληλυθότες
856 3585 897 3654 τοί
935 3590 1134 3673 πραχθέντα
1170 3589 1237 3654 τῶν

174 3682 349 3774 Ἑλλήνων
370 3693 431 3777 τῆς
457 3685 628 3778 Εῶρῶπης
655 3696 732 3779 περί
760 3691 825 3780 τήν
847 3688 996 3762 Ἑλλσίδα
1031 3694 1086 3760 καί
1119 3701 1236 3764 Μακε-

177 3795 302 3861 δονίαν.
345 3799 426 3864 Usus
449 3799 570 3865 videtur
590 3801 759 3883 postulare:
788 3797 829 3867 τοί
853 3804 1051 3888 πραχθέντα
1074 3793 1143 3867 ύπδ
1168 3802 1235 3867 τῶν

173 3895 348 3987 Ἑλλήνων
368 3908 435 3970 aut:
459 3901 499 3972 τῶ
521 3911 718 3993 πραχθέντα
740 3908 801 3993 τῆς
824 3901 997 3994 Εῶρῶπης
1028 3909 1105 3992 περὶ
1131 3933 1160 3974 τ.
1181 3900 1233 3975 ‘E
