2580 4530
544 243 605 303 Lib.
624 247 645 301 1.
1022 242 1080 305 127

67 435 213 527 χρησμός
241 443 275 509 et
305 435 437 529 λόγιον,
468 442 549 526 apud
569 441 761 509 Herodotum
786 443 878 522 vul,
909 445 964 509 6οι
1007 437 1124 531 λόγιόν

66 556 128 614 ἐστι
150 549 222 614 τῶν
244 549 379 634 ἐχθρῶν
402 540 601 634 κατύπερθε
622 550 796 636 γενέσθαι,
820 551 851 615 et
871 549 1032 617 Platonem
1053 570 1078 620 r.
1092 571 1123 635 p.

64 653 283 738 lupclacz,
303 650 455 741 χρησμός
480 659 547 721 ἐστι
571 699 579 717 .
604 699 612 717 .
636 701 644 720 .
668 648 733 740 τήν
753 649 856 722 πόλιν
878 655 1124 741 διαφθαρῆναι,

63 759 310 844 traduciturque‚
338 763 453 828 saltem
474 762 554 847 apud
582 763 701 845 poetae,
734 763 829 829 etiam
861 763 901 829 ad
928 762 990 827 alia
1015 763 1150 849 uatici-¹

64 865 153 931 caudi
175 867 282 943 verba,
303 870 340 934 ut
360 868 444 952 apud
464 867 632 934 Homerum
653 868 743 935 Iliad.
758 869 847 946 XIH,
870 868 930 931 666
952 867 992 932 ad
1013 872 1126 936 εἰπεῖν

63 979 188 1048 lecturas*
211 977 244 1038 ci
268 975 422 1059 φθίσθαι
444 968 468 1058 ἢ
490 1020 499 1039 .
523 1019 532 1038 .
555 1024 562 1039 .
589 973 762 1059 δαμῆναι),
784 976 867 1057 apud
886 974 1064 1058 Euripidem
1084 976 1125 1042 ad

65 1080 245 1160 θεσπίζειν
256 1081 422 1160 (Phoeuiss.
439 1079 534 1145 1597:
558 1080 658 1167 Λαΐῳ
675 1075 715 1168 μ’
735 1085 895 1147 ἐθέσπισε
914 1083 1015 1165 φονέα
1032 1087 1122 1169 γενέ·

64 1193 146 1254 σθαι
174 1183 320 1269 πατρός,
343 1188 378 1253 ct
398 1187 497 1271 Iphig.
527 1187 563 1252 T.
587 1189 698 1271 1014);
733 1186 898 1270 eodemque
926 1187 1016 1254 modo
1044 1188 1124 1272 apud

62 1292 245 1378 AEschylum
269 1293 427 1360 Prumcth.
451 1293 511 1356 667
538 1295 609 1376 pust
630 1295 710 1359 haec:
742 1286 841 1378 βάξις
864 1284 978 1378 ἦλθεν
1005 1287 1123 1382 Ἰνάχῳ

63 1398 175 1483 σαφῶς
202 1390 463 1483 ἐπισκήπτουσα
491 1401 545 1465 καὶ
571 1405 796 1485 μυθουμένη,
823 1400 864 1476 ei,
893 1400 973 1483 quod
987 1401 1124 1481 iubetur,

62 1507 224 1574 subiicitur
238 1505 396 1589 praedictic
414 1505 481 1571 haec
497 1509 529 1571 et
542 1507 650 1572 minae:
674 1510 725 1572 κεί
738 1500 788 1592 μή
804 1490 912 1582 θέλοι,
937 1553 989 1571 ...
1004 1509 1125 1590 μολεῖν

63 1606 269 1701 κιραυνόνῑ).
292 1613 370 1677 Haec
381 1613 586 1695 exemplorum
598 1613 687 1697 copia
698 1615 729 1678 ct
738 1613 868 1678 firmitas
878 1613 914 1677 ut
923 1612 992 1696 ipsa
1002 1613 1125 1678 dubita-

61 1723 175 1787 donem
197 1717 353 1790 excludit,
375 1717 420 1783 sic
441 1716 600 1793 admonet,
617 1717 655 1782 'in
678 1719 787 1784 ceteris
808 1718 909 1784 verbis
931 1718 1035 1782 omnia
1056 1737 1123 1784 esse

61 1826 225 1892 contraria.
275 1821 426 1905 Idemque
454 1822 617 1888 dicendum
645 1827 693 1890 est
719 1824 909 1907 (dictumque
938 1826 1124 1891 arridente

60 1933 173 1999 mulwe
196 1948 307 2006 anuos,
329 1927 565 2012 Bemerluungeu
585 1949 615 2012 p.
628 1930 669 1991 43
685 1934 727 2007 n.)
749 1929 785 1995 de
808 1921 897 2003 εἰκός
919 1935 1020 2007 ἐστιν,
1043 1930 1125 2013 quod

60 2039 108 2121 qui
131 2037 290 2102 annotant
311 2033 393 2117 apud
414 2033 625 2118 Thucydidem
646 2055 715 2100 cum
738 2037 849 2103 acrisio
870 2036 1016 2101 terdecies
1037 2053 1125 2118 repe-

60 2145 118 2221 riri,
142 2162 220 2210 cum
240 2141 345 2207 futuro
359 2157 514 2223 uunquam
537 2136 727 2220 (Herbstiua¹
743 2143 930 2227 Kruegerus,
949 2140 1125 2235 Classeuiue

60 2252 143 2327 adl,
170 2248 226 2325 81,
248 2248 291 2325 2),
315 2265 350 2311 eu
374 2246 432 2310 hac
451 2245 520 2328 ipsa
542 2248 725 2326 constantia,
747 2267 816 2313 cum
835 2248 869 2312 in
891 2248 999 2314 ceteris
1024 2234 1125 2313 verbis

59 2357 104 2420 rix
127 2352 250 2439 singuli
276 2351 384 2417 acuisti
416 2351 521 2416 formae
549 2353 694 2417 facillime
724 2353 881 2420 mutabilis
908 2353 989 2417 inter
1019 2340 1126 2437 uicena

59 2463 163 2527 futura
173 2458 293 2544 partim
303 2458 410 2524 formae
422 2476 481 2522 non
492 2459 649 2524 mutabilis
664 2459 862 2542 reperiantur,
885 2459 945 2525 nisi
959 2460 1014 2524 aut
1023 2459 1125 2526 studio

61 2569 131 2633 caeci
156 2565 296 2630 fuissent
317 2565 372 2629 aut
387 2565 455 2646 ipsa
474 2564 575 2645 capite
592 2564 769 2647 quaestionis
787 2565 1008 2649 neglexissent,
1032 2565 1126 2631 intel-

60 2672 229 2749 lexissent,
256 2663 346 2744 εἰκός
368 2675 460 2736 ἐστιν
482 2687 570 2735 suam
596 2670 708 2736 habere
736 2671 837 2754 legem
860 2691 879 2736 a
901 2672 1010 2736 ceteris
1038 2690 1126 2754 sepa-

62 2787 162 2850 ratam
186 2781 308 2863 dicique
330 2777 375 2842 sic
402 2776 439 2841 de
471 2774 516 2838 rei
542 2793 598 2857 per
626 2795 658 2840 se
685 2777 916 2859 probabilitate,
949 2780 985 2844 ut
1005 2778 1126 2860 tempo-

63 2893 99 2956 ris
127 2884 319 2974 significatio
348 2882 527 2956 amittetur,
573 2899 633 2945 non
666 2879 747 2966 apud
774 2883 874 2948 solum
904 2884 1125 2969 Thucydidem,

65 2996 115 3060 sed
143 2992 230 3076 apud
261 2993 379 3054 ceteros
414 2985 573 3071 quoque2).
637 2987 827 3069 Implicaticr
858 2990 905 3055 est
933 2986 1059 3073 quaestio
1094 2989 1125 3051 in

66 3147 265 3159 ——-—--

131 3226 257 3290 11‚102,
282 3224 313 3289 V,
338 3225 373 3280 16
397 3224 461 3286 cet,
489 3221 609 3293 AEschyl.
632 3222 828 3291 cumcuma,
855 3224 949 3294 Eurip.
967 3223 1055 3277 Elect.
1074 3223 1126 3278 973

131 3317 204 3384 cet).

92 3408 113 3476 ¹)
132 3407 216 3479 Apud
234 3407 394 3477 Euripidem
412 3407 494 3462 etiam
512 3404 615 3462 Alceet.
633 3409 667 3463 12
684 3405 786 3480 ᾔνεσαν
804 3407 913 3471 decreti,
931 3423 984 3461 uon
1002 3404 1127 3474 premissi

133 3501 363 3571 significationem
380 3500 486 3570 proprie
504 3497 596 3555 habet.
673 3502 676 3510 '

95 3590 225 3661 ’lllitari
254 3593 321 3647 clirn
350 3593 447 3662 prater
474 3590 660 3663 Thucydidem
683 3593 794 3650 Pindar.
821 3592 903 3663 Pyth.
926 3590 954 3652 Ι,
977 3590 1024 3653 35,
1055 3587 1127 3642 Plat.

133 3683 366 3756 Phaedrpaearl,
385 3683 508 3754 pacari,
528 3684 650 3755 Xenoph.
658 3686 731 3744 Hell.
741 3687 792 3749 III,
809 3687 833 3748 5,
845 3686 880 3741 16
892 3684 919 3737 et
926 3683 968 3746 14,
987 3680 1034 3744 IV,
1052 3683 1078 3745 3,
1097 3682 1127 3744 2;

133 3778 201 3834 addc
221 3777 304 3836 anab.
320 3777 368 3842 IV,
387 3779 412 3848 6,
431 3780 456 3833 9.
501 3776 595 3833 Oritur
616 3778 702 3848 igitur
728 3779 757 3832 in
782 3776 856 3841 εἰκός
881 3773 938 3831 ἐστι
961 3773 1127 3843 ambiguitas

134 3872 226 3944 eliqua
242 3890 276 3929 ex
294 3887 333 3937 ec,
352 3869 424 3943 quqd
440 3869 561 3925 futurum
578 3870 742 3936 excluditur;
766 3886 827 3924 uam
846 3868 919 3931 εἰκός
937 3864 994 3922 ἐστι
1011 3865 1128 3936 ποιῆσαί

134 3986 196 4022 τινα
228 3965 367 4036 significat
393 3963 484 4027 etiem,
513 3963 700 4018 verisimile
732 3962 792 4016 est
822 3957 971 4028 aliquem
1000 3957 1127 4013 fecisse

135 4058 268 4132 (lhucyd.
289 4058 312 4124 Ι,
331 4060 375 4124 10,
392 4059 418 4122 4,
442 4056 504 4128 Lyc.
521 4056 583 4121 vll,
601 4057 640 4113 36
654 4055 725 4122 cet).

113 4153 220 4188 navicu
232 4151 314 4186 damu.
326 4151 378 4184 cm.
899 4153 929 4200 η
