2580 4530
270 256 295 315 ·'
522 270 581 328 nin.
599 270 647 328 Ν.
1016 274 1079 413 ses

49 471 156 537 locum
179 489 267 550 enm
282 470 334 553 qni
356 469 487 536 debebat
507 469 571 536 eius
595 489 670 550 osse
694 492 745 556 qur
736 473 906 559 o1gn1ute
926 462 1124 558 emoleret

56 568 192 652 Triton
182 594 250 660 lpsa
271 594 331 640 non
356 578 403 641 est
425 581 462 641 ἐν
484 568 660 665 οἷξιιδματι
841 600 848 609 ‘

156 681 335 770 conparat
357 681 852 771 immemorillius
862 682 885 749 o
910 682 1124 755 sennonteus

52 780 229 913 χρώμενος
256 780 372 860 αὐτοῖς
400 788 485 872 (τοῖς
521 782 747 878 ἐρχομένοις),
782 784 873 858 ὅπου
905 786 1021 874 καιρδς
1048 778 1126 877 εδη

53 890 117 961 τόν
138 888 225 979 νπὲρ
259 895 372 960 αδτών
399 895 590 982 φρονοῦντα
616 893 800 982 μᾶλλον
778 924 820 983 η
828 894 889 965 τδν
921 922 969 980 νη
1010 890 1125 967 odedu

54 996 230 1090 ηρημένον
250 995 505 1087 ἡγουμένοις
528 996 728 1089 οτροὲτηγόντ
750 1005 794 1070 sio
818 1024 868 1072 eos
890 1004 1109 1081 afficiebatu

54 1108 161 1193 potius
184 1126 265 1185 eum,
285 1108 337 1190 qui
357 1108 431 1191 ipsis
454 1109 634 1192 consuleret,
656 1128 748 1194 quem
771 1128 862 1193 quem
876 1128 935 1193 rpsr
927 1109 1122 1194 elegissent

54 1215 276 1298 imperatorem
297 1215 450 1297 putarent.
494 1214 604 1298 (Vulgo
625 1206 840 1300 ἡγούμενος.)

158 1319 206 1384 De
228 1319 347 1403 Pyrrhi
369 1340 395 1388 c.
418 1321 439 1384 3
460 1302 646 1386 dictumest
666 1342 696 1404 p.
719 1320 769 1383 30.
804 1319 870 1384 lbd.
895 1321 912 1380 7
935 1318 1049 1384 frustra
1071 1319 1125 1384 de-

56 1425 184 1492 fendere
206 1425 348 1505 student,
377 1426 488 1493 (lraecc
509 1425 572 1490 dici
603 1430 754 1513 κατέχειν
779 1425 1003 1500 Μακεδονίας.
1054 1427 1125 1509 Ιρεο

57 1532 193 1599 doristus
218 1550 329 1615 pravus
351 1533 415 1609 est3
438 1550 537 1614 neque
561 1531 643 1597 cuim
665 1535 812 1617 occupate
832 1533 896 1598 iarn
917 1535 1044 1616 uterque
1054 1532 1125 1598 Me-

57 1636 187 1702 cedonia
214 1638 425 1702 συνέπιπτον
461 1641 511 1710 εἰς
541 1632 597 1730 cci.
617 1631 714 1705 αὐτό.
755 1638 956 1704 scribendum
988 1637 1126 1704 videtur:
1241 1674 1244 1679 ·

59 1737 365 1830 κατάρχοντες.
390 1730 588 1828 capessentes
608 1747 638 1808 et
660 1760 808 1827 occupare
828 1743 1020 1827 incipientes.

162 1852 229 1918 Ibd.
254 1852 307 1913 15:
342 1855 515 1936 ἐξανέφερε
553 1851 607 1915 καὶ
641 1851 837 1937 προσανῆγε
871 1849 913 1936 τῇ
946 1849 1000 1936 γῇ
1045 1848 1125 1912 Sor:
1259 1836 1262 1843 ¹

59 1957 259 2045 προσῆγε.
297 1956 404 2037 (Navis
426 1957 494 2039 ipsu
517 1949 708 2041 κατήγετο.)
747 1956 805 2035 (Βο
826 1975 851 2021 ο.
863 1957 902 2017 22
925 1952 986 2018 vid.
1008 1973 1046 2036 ρ.
1061 1953 1125 2030 88.)

162 2063 230 2130 Ibd.
254 2063 307 2126 16:
336 2064 475 2148 ἐνέβαλε
500 2062 652 2144 πρῶτος,
685 2055 839 2128 αὐτόθεν
873 2087 910 2127 τε
940 2060 1125 2144 περίοπτος

61 2164 113 2257 οἷν
135 2163 253 2235 ὅπλων
273 2161 389 2234 κάλλει
411 2170 467 2234 καὶ
489 2162 704 2252 λαμπρότητι
727 2172 988 2255 κεκοσμημένων
1011 2189 1128 2257 περιτ·

57 2277 125 2349 τώς
152 2276 207 2342 καὶ
236 2271 303 2361 την
331 2269 433 2350 δόξαν
460 2268 739 2360 ἐπιδεικνύμενος
769 2281 880 2362 ἔργοις
907 2269 969 2340 οὐκ
1000 2265 1122 2341 οἷποδδ-

57 2407 169 2449 ουοαν
201 2376 310 2449 αὐτοῦ
341 2383 401 2467 τῆς
433 2375 566 2467 α’ρετῆς.
627 2382 708 2446 Miro
739 2382 807 2447 laus
841 2382 921 2471 regis
955 2379 1122 2445 fortissime

56 2489 235 2574 pugnantis,
270 2508 339 2553 eum
365 2474 555 2562 ostendisse
576 2488 707 2572 gloriam
736 2505 825 2552 sunm
854 2506 915 2553 nou
947 2487 1123 2552 inferiorem

57 2612 128 2660 csse
152 2593 272 2660 virtute.
326 2594 465 2678 Apparet
485 2592 546 2658 dici
574 2594 732 2672 debuisse,
767 2594 918 2677 Pyrrhum
932 2612 936 2619 ·
951 2591 1123 2659 ostendisse

55 2716 169 2782 reapse
191 2700 250 2763 nori
272 2699 446 2765 inferiorem
461 2700 594 2765 nominis
609 2699 693 2765 foma
708 2718 775 2766 esse
789 2699 946 2765 virtutem.
992 2697 1124 2780 Scripsit

55 2805 376 2890 igitur-Plutarchus:
400 2805 473 2889 τῆς
496 2799 650 2889 δόξης.
675 2852 683 2870 .
708 2854 714 2868 .
738 2800 818 2890 τήν
839 2800 1012 2890 α’ρετην,
1034 2806 1128 2871 cene·

55 2911 169 2992 turque
200 2912 397 2977 memorabile
428 2930 550 2995 prorsus
583 2911 756 2992 exemplum
788 2910 892 2975 mendi
916 2930 952 2975 ex
984 2930 1020 2976 eo
1053 2911 1124 2988 orti,

56 3015 141 3098 quod
162 3015 305 3083 librarius
327 3018 462 3083 oscitans
484 3019 544 3100 τῆς
565 3012 664 3100 δόξης
684 3033 795 3080 nomeu
810 3015 918 3079 statim
931 3034 986 3097 pro
1002 3016 1122 3081 obiecto

56 3120 307 3210 accommodavit
324 3121 364 3186 ad
387 3115 675 3206 ἐπιδεικνύμενος.
708 3121 837 3186 Prorsus
850 3120 980 3186 eandem
992 3120 1123 3185 subiecti

57 3229 90 3293 et
100 3225 215 3291 obiecti
223 3228 478 3310 permutationem
489 3229 521 3293 in
532 3227 727 3312 apertissime
737 3225 892 3292 sententia
903 3225 983 3309 apud
992 3225 1118 3291 Strabo-

54 3351 129 3397 nem
150 3332 180 3396 V
200 3353 230 3416 p.
253 3334 313 3396 228
336 3335 380 3413 (3,
404 3335 433 3412 1)
455 3335 570 3400 faciam
599 3328 676 3417 (τήν
698 3327 728 3399 δ’
757 3325 962 3418 α’ρχαιδτητα
991 3324 1121 3416 τεκμή-

56 3462 134 3524 ριον
155 3434 200 3504 ἅν
222 3463 274 3512 τις
303 3436 483 3525 ποιήσαιτο
516 3434 674 3526 α’νδρείας
698 3440 753 3506 καὶ
782 3440 846 3523 τῆς
872 3435 977 3524 ἄλλης
998 3431 1121 3522 αἱρετῆς

54 3564 127 3630 pro:
162 3545 224 3631 τῆς
252 3539 281 3611 δ’
304 3540 524 3634 α’ρχαιότητος
547 3595 554 3609 .
578 3595 586 3610 .
614 3597 621 3612 .
645 3539 808 3631 α’νδρεδαν
841 3545 897 3610 καὶ
927 3540 992 3630 τήν
1013 3541 1122 3629 ἄλλην

55 3646 196 3738 ἆρεκήν)
218 3670 289 3717 curn
311 3654 518 3731 correxissem,
540 3652 603 3718 vidi
618 3673 637 3718 a
650 3650 837 3720 Grosknrdio
859 3649 1115 3716 animadversam.

53 3759 92 3824 ln
112 3758 274 3824 Plutarchi
293 3759 436 3841 praecept.
458 3758 532 3840 reip.
554 3776 618 3843 ger.
642 3759 691 3835 ll,
714 3759 734 3822 3
756 3756 872 3824 editur:
902 3749 1122 3840 Ἀριστείδην

53 3869 121 3950 μὲν
155 3859 221 3952 yc'p
258 3860 381 3949 ηὔξησε
415 3865 629 3949 Κλεισθένης
657 3915 665 3928 .
689 3911 697 3928 .
724 3914 732 3933 .
758 3856 1047 3944 Ἐπαμεινώνδαν
1085 3862 1119 3929 δὲ

54 3973 252 4057 Παμμένης
274 3973 327 4036 καὶ
351 3964 556 4055 Λύσανδρος
576 3964 794 4057 Ἀγησίλαον.
833 3968 879 4032 Ex
900 3966 987 4034 initio
1010 3968 1120 4051 cepitis

51 4076 343 4146 manifestissimum
366 4077 429 4156 osi,
452 4075 646 4141 scribendum
672 4092 755 4142 0880:
777 4067 1061 4160 Ἐπαμεινώνδας
1084 4073 1119 4140 δ)
