2580 4530
564 267 624 323 nin.
643 266 667 323 1.
1064 273 1104 336 63

38 485 110 531 oum
131 466 355 552 adscriptum
376 470 464 535 esset
484 461 546 535 τόν
570 459 693 551 Πάριν,
716 470 748 534 id
768 471 814 535 sio
828 471 958 536 crationi
983 473 1142 553 insertum,

41 574 76 638 nt
107 574 281 640 articulus
312 576 482 641 anomino
504 575 708 654 divelleretur,
730 578 820 659 plane
842 595 911 642 eam
932 578 1077 644 vitiosam
1100 580 1144 645 of-

46 679 121 746 fecit
142 672 410 766 (Ἀλέξανδρον
430 677 495 746 τὸν
517 687 554 746 ἐν
567 681 748 777 ,Θεσσαλίᾳ
772 678 915 768 Πὸριν);
958 685 1062 769 itaque
1084 686 1143 753 00-

50 805 139 865 raas,
176 787 351 866 Scbaefer,
384 786 523 852 Sintenis
547 789 772 872 transponendo
801 791 961 863 subvenire
984 793 1142 870 conantur,

53 892 139 975 quasi
168 912 238 958 non
269 895 360 959 omni
388 895 458 960 loco
486 913 570 977 aquo
607 894 738 960 inaniter
760 896 892 962 lectores
921 897 1144 964 admoneantur

56 992 298 1082 Ἀλέξανδρον
321 1019 391 1074 esse
413 995 476 1067 adv
493 994 611 1084 Πάριν.
644 1002 681 1065 ln
694 1002 830 1067 eiusdem
847 1002 987 1086 Lycurgo
999 1021 1025 1067 o.
1041 1004 1142 1069 lcum

57 1106 85 1170 in
110 1107 164 1172 bis
199 1110 410 1193 γενομένων
438 1106 474 1171 δὲ
505 1107 572 1170 τῶν
594 1101 717 1190 ὁρκίων
738 1109 914 1173 declarandi
936 1127 1028 1174 causa
1050 1128 1142 1193 supra

60 1214 211 1297 scriptum
247 1214 335 1278 esset
357 1205 552 1297 ὁμολογιῶν
572 1213 664 1296 idque
684 1213 716 1278 in
738 1214 878 1279 ordinem
899 1214 943 1279 sic
960 1216 1140 1298 receptum:

60 1322 123 1385 scic
147 1313 287 1403 ὁρκίων
316 1312 526 1404 ὁμολογιῶν,
564 1319 695 1384 editores
719 1321 772 1385 xci
796 1315 987 1406 ὁμολογιῶν
1010 1321 1141 1404 scripse-
1263 1379 1266 1384 ,

61 1429 138 1504 mut,
163 1425 332 1509 quomodo
353 1445 435 1510 saepe
452 1426 515 1490 boc
535 1425 758 1510 mendigenus
780 1425 959 1491 occultatur.
1014 1427 1141 1506 (limen-

61 1534 135 1599 datt
166 1532 244 1598 Liv,
271 1552 303 1619 p.
335 1532 374 1593 14
402 1533 436 1596 ct
464 1531 547 1613 16¹).
590 1531 684 1614 Apud
705 1530 890 1597 Pausaniam
911 1531 965 1608 IX,
987 1532 1037 1610 21,
1061 1533 1080 1594 6
1101 1533 1142 1598 ad

62 1646 95 1707 ci
122 1633 284 1710 ἀσπίδες
308 1638 524 1704 admonitionis
547 1656 659 1716 causa,
681 1656 719 1703 ne
741 1638 808 1721 quis
823 1640 917 1703 ‘scuta
937 1638 1139 1723 intellegeret,

60 1749 262 1832 adscriptum
306 1744 374 1809 erat
418 1745 458 1809 ab
502 1744 602 1828 aliquo
640 1739 681 1809 cu*
723 1745 848 1829 θηρία,
892 1742 1002 1809 deinde
1040 1763 1140 1826 erroro

61 1855 212 1919 effectum
248 1853 298 1916 est
328 1851 361 1914 in
389 1850 457 1934 ipso
489 1850 575 1916 tcxtri
601 1845 643 1916 oc*
667 1851 776 1937 θηρία
807 1855 842 1917 αἱ
869 1843 1027 1930 decides,
1061 1851 1139 1916 mira

61 1958 300 2034 coniunctione,
327 1957 405 2022 miro
427 1956 522 2022 etiam
543 1957 658 2023 ordine.
700 1958 792 2042 Apud
813 1958 963 2046 Senecam
986 1957 1073 2039 epist.
1089 1958 1138 2036 85,

63 2067 99 2128 10
120 2062 339 2146 (Numquid
369 2063 527 2128 dubium
549 2065 622 2142 est,
644 2064 734 2147 quin
760 2063 865 2129 vitia
891 2063 1038 2127 mentis
1067 2064 1138 2127 hu-

60 2193 178 2238 manae
201 2170 437 2235 inveterata
459 2170 500 2233 et
520 2170 631 2246 dura,
665 2189 746 2253 quae
767 2168 917 2233 morbos
938 2187 1136 2250 vocamus,

57 2275 328 2344 immoderata
362 2276 459 2353 sint,
492 2275 533 2338 ut
556 2273 739 2349 avaritia,
771 2276 815 2338 ut
842 2270 1069 2352 crudelitas,
1092 2278 1133 2340 ut

56 2381 324 2468 impotentia,
366 2379 575 2464 impietas)
604 2381 774 2445 extremum
798 2377 983 2444 'vocabulum
1012 2382 1051 2445 ad
1072 2382 1132 2446 im-

56 2491 205 2574 potentiae
229 2506 360 2565 nomen,
390 2487 490 2569 qnod,
517 2486 570 2549 ubi
592 2485 629 2549 ds
650 2486 812 2566 impotenti
833 2487 989 2551 iracundia
1003 2487 1131 2565 ,dicitun

56 2597 234 2679 sepissime
258 2593 390 2657 librariis
413 2591 570 2656 offensioni
589 2591 657 2666 fuit,
676 2589 904 2669 declarandum,
926 2593 1028 2675 inepte
1050 2613 1131 2671 sans,

56 2704 256 2785 adscriptum
279 2717 357 2776 esse,
380 2692 515 2762 ostendit
536 2717 596 2762 non
619 2698 719 2761 solum
740 2690 853 2761 omissa
874 2697 905 2762 in
920 2699 977 2763 boo
994 2702 1131 2764 membro

53 2813 166 2875 vitiosa
200 2803 356 2889 particula
377 2804 433 2878 ut,
467 2792 521 2866 sed
542 2803 670 2879 certius,
709 2803 790 2885 quod
811 2803 954 2885 impietas
976 2825 1132 2889 nunquam

52 2918 147 2980 inter·
161 2912 301 2978 affectus
334 2912 365 2973 et
386 2910 629 2991 perturbationes
651 2909 746 2973 animi
768 2904 820 2987 (ed
845 2903 959 2993 πάθη)
982 2932 1000 2976 a
1023 2912 1132 2976 Stoicis

51 3023 250 3086 numeratur.
318 3015 410 3096 Apud
433 3014 568 3079 Gellium
590 3015 687 3092 Xlll,
719 3018 759 3077 20
783 3018 860 3094 (19),
898 3020 934 3079 12
957 3018 1130 3083 declarandi

51 3148 160 3205 eausa,
203 3125 275 3208 quis
310 3121 391 3185 filius
419 3121 643 3204 significaretur
674 3122 736 3187 Μ.)
753 3122 878 3189 Catonis
906 3124 948 3187 M.
971 3124 1005 3185 F.
1029 3124 1070 3184 M.
1092 3123 1130 3184 N.

49 3233 204 3311 (consulis
238 3250 267 3294 a.
293 3228 385 3304 118),
419 3227 607 3308 adscriptum
640 3229 688 3290 est
718 3247 787 3292 cum
827 3229 1007 3313 gravissimo
1032 3245 1131 3290 errore

48 3343 245 3407 maiorem
269 3334 471 3408 Catonem,
506 3349 522 3394 e
545 3331 654 3413 quibus
676 3336 777 3399 verbis
799 3337 881 3399 nullo
905 3330 1128 3413 artificioqui'c·

48 3467 138 3528 qnam
168 3441 348 3524 extorqueri
370 3438 449 3502 recti
469 3438 580 3519 potest.
639 3440 775 3504 Iustinus
798 3441 836 3517 V,
861 3442 888 3516 l,
914 3441 927 3496 1
949 3436 1128 3516 scripserat:

47 3547 288 3618 Alcibiades
320 3534 468 3609 absens
493 3543 661 3609 Athenis
687 3544 947 3610 insimulatur
981 3539 1128 3604 Cereris

46 3659 274 3722 initiorum
296 3670 436 3726 saera,
467 3650 572 3713 nullo
594 3653 718 3735 magis
742 3668 850 3734 quam
872 3645 1030 3709 silentio
1046 3647 1128 3710 sol-

46 3762 215 3835 lemnia,
250 3755 537 3822 enuntiavisse.
585 3756 736 3821 Additum
762 3752 861 3818 estin
891 3750 1027 3832 margine
1048 3772 1128 3836 my.-

47 3870 191 3945 steria,
211 3884 272 3948 quo
291 3865 323 3927 in
337 3861 510 3928 orationem
521 3862 636 3926 inserto
649 3862 758 3926 vitiose
771 3856 879 3920 Latina
892 3855 1059 3940 Graecaqus
1071 3879 1125 3940 ap·

63 4079 83 4150 ¹)
115 4081 159 4135 De
180 4075 312 4132 Alexand.
332 4092 356 4129 c.
379 4075 423 4135 ⁷4,
443 4072 540 4131 Othon.
559 4092 580 4129 c.
600 4078 617 4132 5
635 4074 721 4128 dicam
738 4084 786 4123 suo
803 4068 868 4123 loco.
