2580 4530
550 280 608 337 Lib.
628 282 665 338 11.

176 503 323 591 lphigeu.
346 501 485 582 Aulida
507 522 536 567 r.
559 503 609 578 68,
631 505 686 568 69:

211 602 324 676 dr'doro'
348 610 487 675 ἑλέσθαι
509 611 656 696 θυγατρὶ
679 604 883 696 μνηστήρων
905 621 976 690 ἕνα,

210 710 293 780 ὅτου
314 717 419 782 πνοαὶ
444 720 578 801 φέροιεν
601 707 808 800 Ἀφροδίτης
830 718 934 802 φίλαι.

73 820 180 905 Neque
212 816 339 895 πνοιαῖς
372 847 465 895 τινος
498 820 557 886 dici
592 841 679 905 posse
712 820 784 907 pulo
816 824 853 888 de
886 845 969 902 aura,
1002 845 1068 910 quae
1100 825 1140 891 ad

71 927 207 1011 aliquem
240 928 359 1004 trahat,
396 946 493 1011 neque
524 921 649 1001 πνοιάς
676 922 884 1015 Ἀφροδίτης
911 930 970 996 alio
996 931 1139 1014 genetivo

69 1034 159 1114 (viri)
182 1032 301 1111 addito,
324 1037 355 1099 et
380 1036 513 1119 φέροιεν
531 1034 624 1099 nimis
645 1035 765 1121 infinite
786 1032 865 1119 poui.¹
901 1035 1116 1102 scribendum:

208 1135 309 1206 ὅποι
334 1142 436 1205 πνοαὶ
463 1142 595 1224 φέροιεν
619 1133 825 1226 Ἀφροδίτης
851 1144 945 1226 φίλαι

67 1246 185 1324 idest,
212 1264 272 1330 quo
296 1244 350 1324 (ad
371 1254 473 1329 quem)
496 1265 577 1311 aurae
599 1246 726 1312 Veneris
750 1268 818 1314 eam
841 1248 1002 1335 deferrent

169 1352 240 1418 Ibd.
264 1354 320 1413 84:
721 1342 725 1353 ¹
773 1434 776 1440 .

208 1455 296 1543 ιισῖμὲ
319 1471 517 1540 στρατηγεῖν
540 1448 625 1524 κᾶτα
647 1461 802 1526 Μενέλεω
825 1453 922 1546 χάριν

207 1567 353 1639 εἴλοντο,
377 1555 545 1649 σύγγονόν
566 1588 614 1650 ηε.
951 1644 954 1651 Ι

66 1668 119 1736 Sio
142 1671 274 1738 oodioee.
319 1666 433 1752 Opinor
455 1668 651 1735 scribendum
674 1683 875 1755 στρατηγεῖν
896 1671 1043 1746 ταῦτα,
1080 1673 1135 1737 hoo

66 1771 236 1855 imperium
259 1792 372 1857 gerere.
487 1776 491 1781 '

169 1879 238 1943 [bd.
260 1880 321 1961 247
344 1900 424 1965 sqq:
561 1873 726 1953 Ἀτθίδος
749 1874 778 1947 δ’
800 1877 892 1968 ἄνων

271 1978 430 2068 ἑξήκοντα
453 1980 576 2058 uuicti
601 1987 736 2069 Θησέως

271 2105 352 2164 ταῖς
374 2094 449 2178 ἑξῆς
471 2086 642 2178 ἐναυλόχει
666 2086 756 2158 erdo

271 2192 426 2263 Παλλάδ’
449 2205 485 2265 ἐν
507 2194 675 2287 μωνύχοις
783 2240 786 2245 ·

97 2427 122 2495 ¹)
141 2428 174 2483 G.
196 2432 329 2488 Dindorfii
358 2435 385 2488 iu
415 2435 462 2490 hac
487 2435 579 2490 fabula
603 2436 748 2505 ἀθετήσεις
773 2452 789 2488 a
812 2435 901 2504 parvis
924 2435 1014 2489 initiis
1032 2434 1130 2488 aenaim

140 2539 170 2576 eo
189 2540 349 2595 progressas,
369 2529 444 2581 utin
465 2530 559 2597 quinta
578 2530 693 2582 editione
712 2531 808 2597 prater
822 2528 959 2599 epilogum
978 2544 993 2581 a
1014 2526 1131 2582 Porsouo

141 2617 257 2684 primum
274 2619 462 2674 addubitatum
482 2621 556 2685 (iude
574 2639 590 2675 a
608 2624 722 2681 v.153‘2)
742 2637 755 2674 e
773 2620 877 2690 reliqua
898 2619 997 2683 fabula,
1017 2621 1040 2674 ei
1059 2623 1130 2675 reete

141 2713 285 2774 numeravi,
314 2716 366 2767 399
385 2730 475 2766 versus
495 2718 529 2768 ‘24
548 2715 613 2767 loeis
629 2718 739 2771 exsecet.
759 2716 866 2769 omnino
884 2731 991 2784 sepono.
1010 2715 1130 2770 Ioculare

139 2802 206 2855 mihi
234 2804 352 2868 ridetur,
391 2807 460 2873 quod
495 2823 538 2859 ser
576 2807 653 2860 nobie
687 2822 778 2861 versus
806 2810 966 2875 (loo-191)
999 2808 1131 2877 relinquit

141 2894 211 2948 iuter
236 2899 269 2951 14
288 2900 315 2950 et
340 2901 390 2953 110
414 2901 517 2968 spurios
546 2899 664 2952 mirabili
688 2917 749 2952 casu
776 2901 938 2954 interiectos.
983 2898 1130 2969 Epilogum

141 2989 261 3054 spurium
284 3005 341 3042 esee
367 2993 513 3045 assentior.
543 2992 686 3059 videoque,
718 2992 764 3060 qui
792 2991 931 3062 potuerint
955 2994 1003 3044 aut
1031 2990 1128 3044 iabulae

140 3084 257 3134 extrema
275 3084 350 3151 parte
369 3085 466 3137 amissa
489 3089 537 3138 aut
560 3084 631 3153 quod
655 3101 708 3138 nou
727 3085 942 3153 intellegeretur,
968 3087 1038 3137 recte
1056 3083 1128 3136 liniri

140 3171 265 3226 fabulam.
286 3175 339 3228 haec
358 3176 432 3239 addi,
452 3180 550 3238 cetera,
570 3194 628 3245 quoe
647 3177 786 3253 finguntur¹
805 3177 889 3239 faeta,
917 3191 968 3228 non
990 3174 1127 3243 intellego,

138 3265 184 3333 qui
204 3267 341 3333 quandove
359 3269 476 3323 accidere
495 3270 639 3338 potuerint.
676 3270 731 3323 Neo
758 3270 808 3323 hoo
826 3271 865 3322 ita
883 3269 949 3329 dico,
974 3270 1005 3320 ut
1023 3266 1127 3321 nullum

139 3357 167 3410 in
195 3358 243 3412 hae
274 3359 365 3415 fabula
395 3363 513 3430 spurium
542 3378 598 3416 esso
625 3378 729 3414 versum
760 3361 917 3417 contendam
947 3375 1073 3428 uegemve
1098 3360 1127 3412 in

138 3451 260 3519 partibus
279 3453 438 3520 quibusdam
469 3455 565 3509 fabulae
593 3471 660 3508 nora
688 3452 808 3522 quaedam
836 3456 864 3506 et
891 3452 1012 3507 difficilia
1031 3452 1127 3518 obiioi;

138 3542 184 3597 sed
207 3560 237 3597 ea
261 3545 350 3598 omnia
372 3546 451 3616 longe
479 3547 558 3600 aliter
587 3547 761 3601 examinanda
792 3550 883 3599 sunt·
909 3546 987 3599 Eram
1013 3546 1126 3613 exempli

138 3651 216 3690 eausa
244 3638 363 3692 dicturus
391 3639 423 3693 de
450 3639 569 3693 versibus
596 3643 647 3695 350
665 3639 699 3692 ad
717 3641 777 3694 355.
826 3638 878 3691 Sed
904 3637 1029 3706 pleraque
1056 3639 1126 3690 recte

138 3727 315 3797 Hartuugius.
335 3732 388 3785 nisi
408 3732 479 3801 quod
497 3751 520 3786 v.
540 3736 604 3794 351,
631 3733 700 3786 male
719 3731 908 3800 interpositum
928 3734 991 3783 aute
1009 3728 1128 3782 difficul-

139 3822 234 3883 tatum,
252 3837 283 3874 ex
303 3824 401 3892 quibus
419 3829 483 3878 nata
502 3829 542 3879 est
561 3824 768 3895 Agamemnonis
785 3823 867 3876 animi
887 3822 1020 3877 demissio.
1041 3823 1125 3889 uigui-

137 3911 302 3976 fioatiouem‚
329 3916 422 3979 abiici,
452 3935 504 3972 uon
524 3918 576 3971 alio
596 3919 652 3970 looo
671 3933 722 3969 uon
741 3919 805 3983 apto
823 3914 958 3984 interponi
977 3913 1123 3982 oportebat.

138 4005 183 4067 (V.
203 4009 256 4061 355
274 4008 385 4063 sortasse
410 4009 557 4076 λμπλιζσσις
580 4008 766 4071 scribendum,
794 4007 840 4060 sed
868 4011 949 4077 eaput
973 4009 1026 4069 eet,
1054 4003 1125 4072 quod

137 4097 266 4165 σύγχυσίν
284 4099 316 4162 τ’,
337 4104 363 4155 el
379 4101 415 4170 μή
434 4103 545 4170 posuit.)
