2580 4530
613 273 674 329 Lib.
692 274 716 329 1.
1118 278 1157 339 77

106 464 362 547 excusationem,
387 470 427 534 nt
447 471 539 551 VIII,
565 473 689 552 71,1X,
714 473 804 556 131),
834 472 962 539 fulvos
983 473 1066 551 iacit,
1090 473 1202 541 deinde

111 572 147 635 ad
176 572 212 637 id
247 573 435 641 lebetas
456 579 490 663 ct
522 578 697 662 tripodas
730 569 988 669 accommodavit,
1019 579 1200 661 blandas,

112 678 188 762 qnod
212 680 324 745 simul
351 682 547 749 mutandum
573 687 655 763 erat,
687 686 759 769 quia
786 688 994 768 precesserat,
1016 685 1129 751 oblitus
1151 688 1201 751 est

116 786 286 863 nutare¹).
334 788 451 872 Itaque
479 809 537 854 suo
565 790 632 872 ipsc
659 792 771 858 indicio
794 791 1040 874 deprehenditur.
1096 791 1205 875 Atque·

118 894 208 959 ctiam
231 913 375 976 prorsus
398 895 479 961 alius
501 896 645 962 vocabuli
665 917 719 980 pro
739 897 845 982 ignoto
871 899 903 962 et
923 897 1048 961 obscuro
1069 917 1129 962 non
1151 916 1202 962 er-

120 1018 196 1077 roro,
234 1000 297 1066 sed
330 998 512 1067 coniectura
540 1003 700 1068 substituti
721 986 896 1085 exemplum
917 1003 1053 1086 praebeat
1073 1002 1199 1068 Seneca

123 1106 149 1171 ls
179 1106 215 1171 in
247 1107 348 1189 epist
387 1108 447 1170 113
481 1127 500 1173 a
529 1108 681 1192 plerisque
717 1107 847 1185 Stoicis,
882 1106 933 1189 qui
968 1105 1032 1170 iere
1056 1105 1201 1197 ,uentos

125 1214 182 1293 ζῶα
225 1231 302 1278 0000
338 1211 507 1290 docebant,
539 1213 721 1280 dissentiens
753 1212 791 1279 a'd
822 1214 901 1278 hanc
937 1213 1123 1276 sententiam
1144 1213 1201 1277 ab·

126 1319 290 1385 surditatis
323 1319 569 1384 convincendam
596 1321 627 1384 et
653 1321 722 1385 aliis
745 1320 843 1384 utrbnr
863 1318 1011 1400 exemplis
1034 1317 1200 1387 0100101-

125 1430 261 1490 tremum
290 1424 349 1489 illo
371 1425 463 1490 modo
493 1425 590 1490 etiam
611 1426 850 1491 ambulationem
870 1425 986 1489 animal
1009 1423 1069 1488 dici
1090 1423 1199 1489 debere

125 1532 173 1599 ait
222 1530 354 1595 Deinde
373 1531 419 1595 sie
439 1531 647 1614 pergit.,(23):
688 1531 877 1612 Neputes
901 1531 1027 1594 autem
1048 1527 1201 1611 mepri-

125 1656 218 1701 num
237 1655 288 1701 ex
306 1635 453 1700 nostris
476 1655 553 1703 non
575 1656 615 1701 er
636 1636 872 1721 praescripto
892 1636 1011 1718 loqui,
1025 1634 1092 1699 sed
1110 1650 1207 1699 mcae·

127 1740 344 1821 sententia
369 1759 478 1821 csse,
505 1743 613 1808 inter
643 1742 869 1809 Cleanthem
898 1745 936 1807 et
962 1741 1201 1822 discipulum

126 1849 204 1913 eins
228 1846 499 1930 Chrysippum
524 1867 595 1913 non
616 1849 813 1925 convenit,
842 1848 936 1931 quid
958 1847 1011 1913 sit
1031 1845 1199 1910 ambula-

125 1955 187 2020 tio.
235 1955 334 2018 Itane
365 1955 460 2019 varo?
508 1954 556 2018 De
581 1955 653 2033 hcc,
682 1954 762 2037 qnod
783 1954 900 2020 Seneca
919 1952 1048 2017 irridem
1070 1950 1202 2031 exempli

126 2078 217 2127 causa
239 2059 437 2141 arripuerat,
456 2057 507 2125 illi
527 2058 590 2125 iam
610 2061 688 2126 sorio
712 2060 958 2144 disputaverant,
980 2076 1053 2135 nec,
1077 2059 1200 2131 essetne

126 2166 253 2245 animal,
278 2165 338 2229 sed
360 2162 500 2241 omniuo,
521 2165 594 2247 quid
616 2168 719 2232 esset?
740 2168 786 2231 lot·
801 2166 871 2231 vide
893 2165 972 2241 iam,
994 2162 1067 2245 quid
1088 2179 1124 2224 ex
1143 2160 1200 2225 illa

127 2269 343 2345 controversia
366 2269 528 2334 afferatur:
567 2271 772 2338 Cleanthes
795 2272 850 2337 ait
871 2270 1053 2353 spiritum
1075 2272 1201 2333 esse'a

126 2374 351 2458 principali
381 2394 506 2458 nsque
533 2376 569 2439 in
590 2379 709 2461 pedes
731 2377 992 2464 permissum-,¹
1009 2373 1200 2455 ..Chrysip-

125 2502 190 2563 pus
225 2483 365 2564 ipsum
401 2480 630 2566 principale.
678 2486 745 2549 Hoc
779 2503 851 2549 vero
873 2478 1103 2555 ultramodum
1125 2478 1202 2543 ridi-

126 2590 241 2665 sulum,
260 2586 472 2670 Chrysippum
489 2587 598 2654 dixisse
610 2590 846 2655 ambulationem
861 2607 928 2653 0000
942 2580 980 2652 τό
993 2579 1199 2672 ἡγεμονικὸν

126 2698 182 2761 τοὺ
210 2685 428 2779 dudeciaco.
473 2693 534 2759 Sed
561 2697 668 2778 nugari
688 2696 874 2761 desinamus.
917 2694 1003 2757 Inter
1016 2693 1099 2776 ipsos
1114 2692 1200 2773 prin-

125 2805 205 2887 cipes
230 2802 352 2868 scholae
366 2799 484 2864 Seneca
505 2800 598 2883 negat
619 2801 788 2877 convenire,
812 2801 884 2883 quid
902 2800 984 2864 esset
1006 2798 1197 2876 animatio,

125 2914 152 2973 τί
190 2905 213 2993 ἦ
257 2908 465 2990 ζωοποιήοις
501 2906 551 2971 vel
580 2899 602 2990 ἡ
632 2899 754 2986 §amors
785 2907 926 2989 (utroque
949 2903 1031 2967 enim
1051 2904 1199 2968 vocabulo

124 3016 216 3080 Stoici
240 3015 295 3078 nsi
321 3014 423 3097 sunt),
458 3013 494 3075 ut
518 3012 575 3076 sibi
598 3012 907 3096 quoquein-hacde
929 3009 1056 3075 animali
1078 3006 1199 3072 01001-

122 3124 264 3187 matione
289 3120 460 3201 quaestione
482 3137 569 3182 suam
592 3119 679 3201 sequi
703 3117 887 3184 sententiam
906 3115 1036 3193 liceat‘2).

204 3226 405 3291 Additorum
427 3224 639 3306 interpolando
674 3225 834 3289 verborum
855 3224 888 3286 in
906 3223 1063 3303 utriusque
1084 3217 1199 3298 lingua

120 3443 328 3457 -—-.-

135 3590 157 3655 ¹,
191 3585 297 3642 Studio
322 3582 491 3636 accusativos
515 3579 649 3633 alliciendi
673 3579 799 3634 librarius
825 3568 906 3633 etiam
932 3572 1196 3643 operososscrip-

191 3682 264 3735 sisse
283 3675 404 3736 videtur,
424 3673 496 3742 qnod
514 3676 556 3726 est
573 3672 601 3725 in
620 3673 807 3742 antiquissimo
825 3671 944 3726 omnium
959 3665 1048 3719 codice
1064 3664 1194 3728 Parisino,

191 3772 243 3828 sed
264 3772 293 3823 in
314 3767 413 3822 ceteris
431 3766 567 3819 sublatum
586 3766 635 3818 est.

137 3901 161 3963 ²,
195 3897 379 3969 singularem
406 3893 541 3963 quandam
570 3892 709 3946 sententia
728 3876 844 3945 mut-atis
868 3884 972 3940 casibus
999 3886 1195 3955 perversionem

189 3988 389 4061 interpolando
404 3987 504 4041 factam
518 3985 657 4038 ostendam
668 3985 722 4038 suis
732 3984 796 4038 locis
813 3982 841 4034 in
861 3979 1001 4033 Plutarchi
1010 3979 1104 4050 Pyrrh.
1117 3995 1138 4033 0.
1152 3983 1193 4042 16,

188 4085 343 4149 (sumbone
362 4098 389 4150 p.
409 4083 482 4144 228),
503 4078 595 4132 Senec.
614 4077 645 4130 de
664 4079 746 4130 const.
766 4091 821 4142 sap.
839 4076 865 4137 4,
884 4076 909 4128 3.
1144 4083 1149 4093 ’
