2580 4530
569 241 628 298 nib.
647 242 700 297 111.
1061 245 1120 307 351

198 443 267 507 Ibd.
296 443 331 517 6,
362 443 418 506 30:
442 445 487 508 Εἰ
517 441 551 507 δὲ
574 436 615 524 cip*
639 436 659 506 c‘
685 445 908 528 συμπαρέχων
929 437 1015 528 ὑμῖν
1036 439 1164 530 ταύτην

112 545 166 632 τήν
187 542 379 634 α’σφοῖλιιαν
400 544 451 634 ,αρ’
474 541 568 613 πάνυ
591 543 702 639 πολύν
730 545 863 631 μισθόν
885 554 1079 633 προσετέλει
1103 553 1165 634 τῆς

110 650 426 738 Actaeaeacteae
449 650 490 739 ὃν)
514 651 552 720 το
570 648 883 740 σχέτλισνποῖθτμα
907 659 963 723 καλ
987 657 1041 723 ceu
1063 659 1164 724 τοῦτο

108 757 237 850 οὐδαμῇ
268 764 386 829 οἴεσθε
413 762 533 848 χρῆναι
566 761 673 841 ζῶντα
702 766 759 844 ἐμὲ·
789 756 940 841 σῖνεῑναις
973 764 1042 828 Non
1065 765 1166 850 agitur

107 872 140 936 de
159 869 305 936 mercede
335 870 521 945 securitatis,
550 868 604 933 sed
631 869 742 950 prater
768 868 964 934 securitatem
991 870 1170 935 mercedem·

107 977 317 1059 postulabant:
347 978 377 1040 εἰ
405 969 455 1058 μή
484 1027 490 1039 .
515 1020 523 1038 .
547 1024 555 1039 .
582 971 715 1058 μισθόν
737 978 930 1059 προσετέλει
958 977 1006 1061 τῇ
1036 969 1166 1060 dopo-

108 1083 190 1167 λείᾳ
226 1081 345 1158 (datin
388 1080 427 1146 ad
465 1078 709 1162 praepositionem
752 1081 918 1157 adiuncto).
972 1082 1018 1146 De
1056 1084 1165 1147 erroris
1259 1084 1262 1089 '

105 1207 213 1271 genere
227 1187 346 1253 (lictum
368 1207 399 1269 p.
422 1187 460 1247 67
485 1185 576 1251 etad
598 1185 735 1269 Thucyd.
759 1188 801 1263 ΙΙ,
824 1187 874 1264 83,
899 1188 926 1251 1.

199 1295 238 1359 In
261 1291 448 1380 (tyropaeclia
477 1310 594 1376 quoquc
621 1292 702 1356 haud
733 1312 832 1374 pauca
852 1293 965 1358 menda
986 1313 1046 1358 non
1067 1296 1165 1359 solum

106 1400 275 1485 suspicione
312 1400 474 1482 attingere,
515 1396 570 1461 sed
607 1397 700 1462 certis
739 1401 832 1464 etiam
856 1399 994 1465 indiciis
1041 1420 1167 1485 arguere

105 1507 210 1590 poesia,
233 1505 275 1570 ad
300 1525 368 1588 qua
393 1505 529 1570 tollenda
557 1503 635 1567 nihil
658 1506 706 1568 est
733 1506 809 1588 satis
831 1505 912 1571 firmi
926 1505 1110 1591 ¹adiumenti
1137 1511 1167 1572 in

106 1612 243 1677 unicum
265 1611 417 1694 scriptura
436 1609 590 1675 interdum
616 1609 695 1674 mire
724 1611 902 1694 perturbata
927 1614 959 1677 et
984 1613 1168 1697 interpolata

107 1719 203 1798 (velut
223 1717 249 1795 Ι,
272 1720 302 1795 4,
325 1717 375 1794 22,
396 1717 434 1794 V,
457 1718 486 1790 2,
509 1715 560 1790 33,
582 1716 668 1781 cuius
689 1716 750 1781 loci
768 1717 953 1799 pravitatem
965 1717 1168 1785 Schneiderus

106 1826 187 1891 recte
217 1823 361 1899 notavit.)
413 1822 464 1887 Ab
498 1822 674 1888 huiusmodi
700 1823 821 1900 mendo,
847 1823 998 1905 quodi
952 1824 1045 1889 latuit
1030 1827 1168 1902 teucer

105 1929 255 2015 guendo
246 1929 402 2012 incipiam,
424 1931 494 2012 post
514 1931 635 2015 tanturn
665 1949 701 1993 ea
722 1930 953 2036 persecuturus,
980 1930 1089 2011 quibus
1112 1931 1169 1995 ali-

105 2037 174 2120 quid
196 2035 265 2118 opis
287 2035 394 2099 afferre
415 2034 542 2117 possim.
586 2035 666 2099 Nam
977 2068 980 2075 ·

202 2141 270 2206 Lib
293 2131 1169 2225 Ι,4,18444441444144π4ίσεο;Ο·διΚσρος...ἐιι-

105 2255 234 2333 βοηθιι·
263 2271 318 2311 και
353 2239 458 2319 αὐτός
490 2248 627 2329 πρῶτον
656 2240 734 2312 τότε
768 2243 859 2311 ὅπλα
893 2244 1007 2322 ἐνδύς,
1040 2246 1166 2314 οὔποτε

106 2349 279 2438 οἰόμενος·
319 2349 425 2426 οὕτως
458 2350 628 2437 ἐπεθύμει
662 2347 780 2426 αὐτοῖς
819 2353 1073 2430 ἐξοπλίσασθαι.
1128 2357 1169 2419 Et

106 2480 191 2527 arma
223 2479 260 2527 se
293 2460 453 2543 aliquando
486 2463 680 2541 sumpturum
714 2462 788 2526 satis
821 2461 909 2526 norat
945 2463 976 2525 et
1008 2463 1169 2544 putaverat

107 2568 203 2653 tyrus
243 2571 354 2649 (neque
392 2567 474 2630 enirn
509 2567 601 2631 verba
632 2567 821 2650 significant,
863 2567 998 2633 nondum
1035 2567 1068 2630 id
1105 2568 1169 2631 tore

107 2677 249 2756 putasse3
278 2673 310 2736 et
341 2672 471 2737 debebat
499 2691 564 2736 esse
598 2675 760 2756 οἰηθείς),
794 2680 825 2739 et
859 2671 968 2745 οὕτως
997 2666 1168 2758 ἐπεθύμει

108 2780 214 2855 (adeo
236 2779 432 2859 cupiebat)
462 2779 598 2844 ostendit
623 2783 694 2845 ante
717 2781 831 2863 aliquid
853 2780 1060 2863 significatum
1094 2799 1169 2857 esse,

107 2887 184 2969 quod
209 2885 312 2951 studio
334 2903 367 2949 se
389 2884 527 2948 armandi
549 2886 696 2951 omiserit.
734 2885 875 2967 Suspicor
897 2886 1045 2967 scriptum
1065 2885 1168 2961 fuisse,

109 2986 152 3058 ου’
176 3019 202 3056 π
212 3017 257 3073 ρο
266 2998 315 3055 ee
326 2982 349 3054 ci
356 3015 458 3073 μενο
467 3014 503 3065 ς,
516 3009 575 3054 non
588 2993 659 3057 ante
671 2990 894 3070 contemplans3
911 3009 982 3054 nam
995 2992 1171 3071 spectaculo

109 3099 228 3164 fruendi
251 3096 388 3162 studium
410 3097 507 3160 altera
529 3097 679 3178 cupiditas
701 3095 889 3160 excludebat.

208 3203 278 3268 lbd.
302 3204 338 3276 5,
360 3204 394 3266 3:
424 3204 477 3267 καὶ
507 3197 593 3285 πρὸς
621 3194 855 3286 Παφλαγόνας
883 3202 937 3265 καὶ
966 3194 1097 3273 Ἰνδούς
1116 3206 1171 3266 καὶ

111 3307 196 3394 πρὸς
219 3311 343 3393 Κᾶρας
365 3311 419 3375 καὶ
444 3310 597 3381 Κίλικας.
629 3308 822 3373 Alienissimi
842 3308 912 3371 414416
932 3307 1011 3371 Indi.
1045 3308 1174 3373 Videtur

110 3418 280 3499 Xenophon
303 3412 482 3488 Βιθυνοὺς
504 3418 691 3492 nominasse;
720 3416 906 3479 nemetiam
933 3414 1049 3480 Σίνδοι
1081 3415 1174 3478 nimis

112 3524 221 3589 remoti
242 3523 395 3599 videntur,
420 3524 509 3606 longe
531 3527 637 3588 tamen
658 3522 743 3586 Indis
765 3522 908 3604 aptiores,

211 3629 280 3694 Ibd.
312 3629 345 3702 6,
376 3630 403 3691 5.
448 3629 555 3711 Neque
580 3622 861 3712 ἀφυλακτοῦντας
888 3628 982 3711 (quod
1003 3626 1104 3690 solum
1126 3644 1175 3688 ree

112 3735 260 3817 spondere
284 3733 340 3798 soli
363 3740 432 3816 ἐπι
435 3736 503 3798 reto
505 3737 630 3816 μένους
651 3735 753 3813 debet)
776 3736 954 3820 genetivum
975 3734 1056 3795 recte
1083 3729 1176 3793 habet

113 3839 399 3906 4414111134414441446
427 3840 537 3904 dicitur
563 3840 640 3904 illud
667 3847 876 3927 παρέχοντας
898 3862 1075 3910 τοιοντονς
1097 3843 1175 3901 ἑαυ-

114 3943 193 4021 τσιλς
218 3953 314 4018 σιὀας
336 3945 438 4011 caet
424 3950 556 4029 tprave
582 3947 700 4030 pondus
731 3948 912 4013 incumbit
867 3951 935 4013 4141
958 3948 1176 4031 παρέχοντας·

114 4053 414 4119 841446441414114ια4
439 4058 493 4117 ἐπι
495 4049 753 4137 ,ιισλομένοας
729 4057 990 4139 ασφαλὲστερσν
1003 4040 1178 4139 ιλιοὶγοιν
