2580 4530
614 284 673 342 nou
691 286 715 342 1.
1097 286 1157 351 103

109 485 292 551 mationem
321 485 365 552 da
384 485 576 570 indignitate
596 484 641 550 rei
660 486 895 568 praeparandam
915 489 1023 570 aptum
1046 487 1111 565 est,
1144 486 1199 552 aed

112 591 150 656 ad
186 591 465 671 ratiocinandum,
497 590 575 675 quid
597 589 662 656 alia
688 591 864 659 condicione
889 593 989 676 posita
1016 593 1197 658 eventurum

113 697 216 776 fuerit,
238 697 345 782 idque
368 697 465 765 etiarn
487 697 626 781 apertius
645 695 683 763 fit
703 696 818 763 additio
840 698 903 764 illie
925 698 1002 790 δέον
1020 697 1105 764 ἐγών
1123 697 1197 764 διο-

115 806 335 890 γενομένων.
398 804 458 888 (Ex
491 802 677 870 Germanica
708 803 960 888 interpretatione
992 822 1041 870 rea
1074 803 1196 870 facilius

113 911 245 977 orasse
255 910 431 977 condetur:
446 909 550 975 Wenn
561 908 611 974 ioh
620 909 699 974 nach
709 908 905 978 Vorlauluon
916 910 992 975 zehn
1001 906 1118 981 Jahren
1127 916 1194 991 a.)

118 1014 240 1082 Deinde
270 1000 357 1082 illud
374 1015 482 1098 δῆλον
513 1012 550 1080 ol
577 1014 840 1081 confirmationem
866 1015 1046 1098 promittere
1074 1012 1196 1078 uidetur

117 1123 334 1205 superiorum
368 1121 474 1205 itaque
503 1102 604 1186 etianr
625 1121 658 1189 in
677 1121 865 1205 uulgarium
887 1117 1042 1186 codicibus
1063 1121 1134 1202 apte
1156 1119 1195 1184 ad

117 1227 401 1294 tancsententiam
412 1227 620 1309 interponitur
629 1220 753 1312 yciplre'
768 1220 860 1312 ydolo
884 1226 971 1309 atqui
981 1225 1120 1313 sequitur
1133 1243 1195 1290 non

116 1333 327 1412 confirmatio,
361 1332 419 1398 aed
439 1331 605 1416 gravioria,
631 1332 659 1398 oi
678 1333 741 1398 alia
767 1331 901 1398 condicio
921 1331 1044 1410 fuisset,
1067 1321 1194 1396 eventus

117 1439 324 1524 significatio,
363 1456 491 1520 prorsus
530 1454 549 1501 a
585 1437 690 1522 δῆλον
729 1437 766 1504 dr'
805 1432 920 1515 aliena,
951 1435 1114 1521 aptissima
1154 1435 1194 1500 ad

116 1543 188 1608 illnd
215 1544 349 1609 initium
376 1538 470 1609 ὅπου
497 1535 574 1629 γάρ.
617 1543 698 1624 Quid
721 1543 824 1629 igitur
844 1543 919 1609 fieti
951 1541 1193 1629 Coniunguntur,

115 1667 179 1730 quae
205 1649 385 1727 cohaerent,
415 1647 594 1732 argumenti
615 1649 751 1716 conclusi
771 1649 889 1732 partes:
916 1643 1038 1715 Ὅπου
1058 1644 1124 1736 ’γάρ

115 1758 380 1841 ἐγγέγραμμαι,
416 1757 490 1828 πῶς
528 1748 589 1821 οὐκ
633 1760 664 1820 οἱ
704 1755 935 1840 κατελείφθην
976 1759 1045 1838 μὲν
1073 1750 1193 1820 ἐνιαύ-

114 1884 205 1935 σιος,
241 1854 281 1936 ἓξ
310 1860 369 1945 itu
402 1862 437 1928 dl
464 1846 841 1946 reponenocpcmcidpu3
874 1852 994 1926 odd'do
1017 1855 1061 1925 coi
1085 1854 1191 1945 petroci

113 1968 221 2033 ταῦτα
248 1960 334 2051 παρ’
356 1961 471 2034 αυόοἷν
492 1962 688 2053 audierim
722 1968 780 2034 His
804 1966 1009 2050 interponitur
1034 1985 1089 2049 per
1120 1985 1192 2048 par·
1264 1974 1267 1979 '

113 2075 257 2140 entheain
294 2075 488 2153 exclamatio,
522 2068 684 2160 indignum
710 2093 795 2153 eoae,
827 2073 908 2157 quod
937 2071 1072 2137 dicturus
1092 2074 1193 2138 orator

113 2181 162 2257 sit,
185 2179 247 2246 sed
269 2180 487 2246 manifestum:
521 2179 636 2265 Ι(οἷξιον
658 2166 882 2267 οἷγανακτεῖν,
916 2178 1021 2262 δῆλον
1044 2179 1077 2245 δὲ
1100 2204 1193 2247 παν-

114 2280 335 2371 vinacium.
382 2285 443 2352 Sed
472 2288 635 2355 notabilior
661 2287 785 2352 Seneca
812 2282 900 2350 locus
926 2285 958 2348 in
986 2285 1115 2369 epistola
1141 2285 1191 2365 92,

115 2395 161 2471 12,
185 2391 245 2475 qui
268 2409 363 2471 nunc,
383 2397 530 2465 revocata
548 2395 733 2478 optimorum
756 2389 895 2457 codicum
916 2391 1082 2473 scriptura,
1109 2391 1192 2456 nullo

113 2496 399 2564 sensnsiceditnr:
420 2500 557 2583 Itaque
579 2520 650 2566 non
671 2500 729 2564 est
748 2499 884 2563 bonum
905 2515 974 2582 per
994 2516 1034 2562 sc
1055 2497 1193 2562 munda

113 2605 261 2682 restis,
292 2604 357 2668 sed
377 2606 524 2670 mundae
545 2607 678 2672 vestie
694 2603 852 2680 electio,
884 2603 971 2686 quia
995 2622 1066 2668 non
1087 2605 1130 2668 in
1151 2622 1190 2669 re

114 2711 259 2776 bonnm
304 2712 380 2788 est,
424 2712 493 2776 aed
530 2712 567 2776 in
607 2710 836 2789 electione,
865 2709 971 2792 quali
1012 2709 1189 2775 actiones

113 2819 260 2882 nostrae
278 2816 450 2880 honestae
473 2819 652 2896 suntnon
673 2817 768 2899 ipsa,
785 2835 863 2899 quae
878 2816 1056 2900 aguntur.
1080 2815 1189 2896 Quaero

114 2932 143 2988 et
162 2923 406 3004 universaquae
426 2922 470 2987 sit
491 2922 650 3001 electio,
671 2922 780 3005 quali
800 2921 949 3010 aliquid
970 2921 1059 3000 fiat,
1083 2923 1114 2986 et
1131 2941 1187 2985 no·

113 3029 280 3104 minatim,
313 3046 382 3111 quae
411 3027 577 3106 electio,
615 3028 720 3111 quali
746 3028 931 3093 actiones
959 3028 1104 3092 nostrae
1126 3025 1189 3090 ho·

113 3137 234 3201 nostae
265 3133 364 3211 sint,
386 3134 562 3217 magisque,
585 3152 651 3216 quoe
673 3133 846 3211 electio,··
868 3132 973 3216 quali
994 3150 1066 3196 non
1087 3130 1188 3210 ipsa,

114 3262 192 3325 quae
218 3241 406 3329 aguntur,
425 3240 591 3304 honesta
612 3239 704 3317 sint3
733 3239 787 3304 sed
809 3240 964 3323 quoniam,
986 3234 1089 3320 quiid
1111 3233 1188 3297 mihi

113 3348 209 3424 dicat,
231 3347 429 3428 reperturum
451 3362 503 3408 me
525 3344 651 3428 despero
673 3363 729 3408 nec
749 3344 858 3410 melior
878 3363 928 3409 res
948 3343 985 3406 fit
1004 3339 1188 3405 deteriorum

115 3609 317 3619 —.-——·

131 3727 154 3793 ¹)
183 3726 366 3794 Κενομίοθαι
395 3721 470 3776 illud
493 3721 564 3776 nihil
589 3722 643 3777 niai
661 3738 734 3777 error
755 3721 852 3791 optimi
874 3716 972 3772 codicia
994 3719 1049 3780 eet;
1076 3713 1187 3769 uerbum

183 3819 325 3888 paaaivnm
344 3814 437 3868 tertia
457 3828 576 3882 persona
594 3815 628 3870 ab
646 3817 696 3870 hac
714 3811 899 3891 coniunctione
917 3807 994 3878 παρὰ
1012 3805 1061 3878 μὲν
1078 3811 1185 3863 τῶν...

182 3916 222 3986 τῷ
245 3909 276 3966 δὲ
300 3910 347 3964 καὶ
441 3909 637 3975 προσοφείλων
653 3906 846 3978 ’ἐγγέγραμμαι
870 3905 899 3956 et
920 3917 937 3954 a
958 3903 1017 3955 tota
1034 3900 1186 3972 argumenti

182 4004 358 4060 conclusione
388 4001 511 4056 alienum
534 4002 584 4055 eat.
619 4000 676 4056 Noc
697 4003 770 4054 recte
788 3996 821 4050 de
839 3993 984 4049 redditis
1002 3995 1100 4050 bonis
1118 3993 1185 4047 dici-

182 4104 229 4154 tur
245 4096 335 4169 μικρὰ
355 4093 529 4162 κεκόμισται.
