<?xml version="1.0" encoding="UTF-8"?>
<!DOCTYPE html PUBLIC "-//W3C//DTD XHTML 1.0 Transitional//EN"
    "http://www.w3.org/TR/xhtml1/DTD/xhtml1-transitional.dtd">
<html xmlns="http://www.w3.org/1999/xhtml" xml:lang="en" lang="en">
 <head>
  <title>
</title>
<meta http-equiv="Content-Type" content="text/html;charset=utf-8" />
  <meta name='ocr-system' content='tesseract 3.04.00' />
  <meta name='ocr-capabilities' content='ocr_page ocr_carea ocr_par ocr_line ocrx_word'/>
</head>
<body>
  <div class='ocr_page' id='page_1' title='image "./adversariacriti00madvgoog_0211.png"; bbox 0 0 2580 4530; ppageno 0'>
   <div class='ocr_carea' id='block_1_1' title="bbox 645 213 762 280">
    <p class='ocr_par' dir='ltr' id='par_1_1' title="bbox 645 213 762 280">
     <span class='ocr_line' id='line_1_1' title="bbox 645 213 762 280; baseline -0.06 0"><span class='ocrx_word' id='word_1_1' title='bbox 645 213 705 270; x_wconf 70' lang='lat' dir='ltr'>Lib·</span> <span class='ocrx_word' id='word_1_2' title='bbox 724 214 762 280; x_wconf 81' lang='grc' dir='ltr'>Π.</span> 
     </span>
    </p>
   </div>
   <div class='ocr_carea' id='block_1_2' title="bbox 277 405 1253 712">
    <p class='ocr_par' dir='ltr' id='par_1_2' title="bbox 277 405 1253 712">
     <span class='ocr_line' id='line_1_2' title="bbox 420 405 1021 498; baseline 0.01 -22"><span class='ocrx_word' id='word_1_3' title='bbox 420 407 656 495; x_wconf 70' lang='grc' dir='ltr'>δυσδαιμόνων</span> <span class='ocrx_word' id='word_1_4' title='bbox 678 405 713 478; x_wconf 73' lang='lat' dir='ltr'>aa</span> <span class='ocrx_word' id='word_1_5' title='bbox 734 412 837 486; x_wconf 72' lang='grc' dir='ltr'><strong><em>τίνες,</em></strong></span> <span class='ocrx_word' id='word_1_6' title='bbox 860 419 904 489; x_wconf 85' lang='grc' dir='ltr'>οἴ,</span> <span class='ocrx_word' id='word_1_7' title='bbox 927 407 977 498; x_wconf 74' lang='grc' dir='ltr'>8η,</span> <span class='ocrx_word' id='word_1_8' title='bbox 1017 476 1021 482; x_wconf 94' lang='grc'><em>.</em></span> 
     </span>
     <span class='ocr_line' id='line_1_3' title="bbox 419 512 1253 605; baseline 0.004 -21"><span class='ocrx_word' id='word_1_9' title='bbox 419 512 464 584; x_wconf 75' lang='grc' dir='ltr'>οἷ’</span> <span class='ocrx_word' id='word_1_10' title='bbox 484 512 546 604; x_wconf 73' lang='grc' dir='ltr'>ἐγώ</span> <span class='ocrx_word' id='word_1_11' title='bbox 569 520 773 605; x_wconf 68' lang='grc' dir='ltr'><strong><em>μογοῦσινς·</em></strong></span> <span class='ocrx_word' id='word_1_12' title='bbox 1249 580 1253 587; x_wconf 90' lang='grc'>.</span> 
     </span>
     <span class='ocr_line' id='line_1_4' title="bbox 277 624 1247 712; baseline 0.004 -23"><span class='ocrx_word' id='word_1_13' title='bbox 277 624 388 692; x_wconf 90' lang='lat' dir='ltr'>Inanes</span> <span class='ocrx_word' id='word_1_14' title='bbox 415 629 487 693; x_wconf 92' lang='lat' dir='ltr'>sunt</span> <span class='ocrx_word' id='word_1_15' title='bbox 518 626 664 712; x_wconf 78' lang='lat' dir='ltr'>ambages</span> <span class='ocrx_word' id='word_1_16' title='bbox 689 625 722 691; x_wconf 93' lang='lat' dir='ltr'>in</span> <span class='ocrx_word' id='word_1_17' title='bbox 747 624 935 704; x_wconf 71' lang='grc'>1111881888,</span> <span class='ocrx_word' id='word_1_18' title='bbox 968 632 1006 691; x_wconf 84' lang='grc' dir='ltr'>οἵ</span> <span class='ocrx_word' id='word_1_19' title='bbox 1033 644 1091 692; x_wconf 85' lang='grc'>888</span> <span class='ocrx_word' id='word_1_20' title='bbox 1112 624 1247 705; x_wconf 58' lang='lat' dir='ltr'>Graecam</span> 
     </span>
    </p>
   </div>
   <div class='ocr_carea' id='block_1_3' title="bbox 178 731 1247 1138">
    <p class='ocr_par' dir='ltr' id='par_1_3' title="bbox 178 731 1247 1138">
     <span class='ocr_line' id='line_1_5' title="bbox 179 731 1247 816; baseline 0.006 -23"><span class='ocrx_word' id='word_1_21' title='bbox 179 748 276 813; x_wconf 86' lang='lat' dir='ltr'>neque</span> <span class='ocrx_word' id='word_1_22' title='bbox 313 731 415 810; x_wconf 82' lang='lat' dir='ltr'>enirn,</span> <span class='ocrx_word' id='word_1_23' title='bbox 448 751 518 799; x_wconf 90' lang='lat' dir='ltr'>eum</span> <span class='ocrx_word' id='word_1_24' title='bbox 552 732 658 800; x_wconf 77' lang='grc'>(188888</span> <span class='ocrx_word' id='word_1_25' title='bbox 689 732 910 816; x_wconf 68' lang='lat' dir='ltr'>interrogatur,</span> <span class='ocrx_word' id='word_1_26' title='bbox 951 733 1032 799; x_wconf 86' lang='lat' dir='ltr'>sitne</span> <span class='ocrx_word' id='word_1_27' title='bbox 1070 732 1247 816; x_wconf 85' lang='lat' dir='ltr'>quisquam,</span> 
     </span>
     <span class='ocr_line' id='line_1_6' title="bbox 179 834 1244 922; baseline 0.005 -21"><span class='ocrx_word' id='word_1_28' title='bbox 179 836 231 919; x_wconf 91' lang='lat' dir='ltr'>qui</span> <span class='ocrx_word' id='word_1_29' title='bbox 268 837 420 919; x_wconf 73' lang='lat' dir='ltr'>patiatur,</span> <span class='ocrx_word' id='word_1_30' title='bbox 453 839 497 904; x_wconf 90' lang='lat' dir='ltr'>sie</span> <span class='ocrx_word' id='word_1_31' title='bbox 531 837 751 922; x_wconf 72' lang='lat' dir='ltr'>interrogatur:</span> <span class='ocrx_word' id='word_1_32' title='bbox 784 837 851 914; x_wconf 76' lang='grc' dir='ltr'><strong><em>τίς,</em></strong></span> <span class='ocrx_word' id='word_1_33' title='bbox 884 834 934 913; x_wconf 77' lang='grc' dir='ltr'>ὅς,</span> <span class='ocrx_word' id='word_1_34' title='bbox 967 838 1021 904; x_wconf 86' lang='lat' dir='ltr'>sed</span> <span class='ocrx_word' id='word_1_35' title='bbox 1049 844 1154 916; x_wconf 78' lang='grc' dir='ltr'><strong><em>ἔστιν,</em></strong></span> <span class='ocrx_word' id='word_1_36' title='bbox 1187 835 1244 915; x_wconf 74' lang='grc' dir='ltr'>ὅςς</span> 
     </span>
     <span class='ocr_line' id='line_1_7' title="bbox 178 936 1247 1033; baseline 0.004 -25"><span class='ocrx_word' id='word_1_37' title='bbox 178 942 387 1023; x_wconf 70' lang='lat' dir='ltr'>scribendum,</span> <span class='ocrx_word' id='word_1_38' title='bbox 433 944 519 1033; x_wconf 85' lang='lat' dir='ltr'>nulla</span> <span class='ocrx_word' id='word_1_39' title='bbox 556 944 662 1009; x_wconf 75' lang='lat' dir='ltr'>litura</span> <span class='ocrx_word' id='word_1_40' title='bbox 703 944 839 1010; x_wconf 79' lang='lat' dir='ltr'>mutata:</span> <span class='ocrx_word' id='word_1_41' title='bbox 873 936 1112 1029; x_wconf 63' lang='grc' dir='ltr'><strong><em>δυσδαιμόνων</em></strong></span> <span class='ocrx_word' id='word_1_42' title='bbox 1152 946 1247 1020; x_wconf 77' lang='grc' dir='ltr'><strong><em>τίνες</em></strong></span> 
     </span>
     <span class='ocr_line' id='line_1_8' title="bbox 178 1041 1245 1138; baseline 0.008 -28"><span class='ocrx_word' id='word_1_43' title='bbox 178 1041 235 1123; x_wconf 81' lang='grc' dir='ltr'>οἷ’,</span> <span class='ocrx_word' id='word_1_44' title='bbox 270 1043 320 1134; x_wconf 75' lang='grc' dir='ltr'>8η,</span> <span class='ocrx_word' id='word_1_45' title='bbox 354 1045 397 1115; x_wconf 75' lang='grc' dir='ltr'>οἷ’</span> <span class='ocrx_word' id='word_1_46' title='bbox 430 1043 493 1138; x_wconf 73' lang='grc' dir='ltr'>ἐγώ</span> <span class='ocrx_word' id='word_1_47' title='bbox 528 1049 715 1136; x_wconf 67' lang='grc' dir='ltr'><strong><em>μογοῦσινς</em></strong></span> <span class='ocrx_word' id='word_1_48' title='bbox 752 1052 788 1117; x_wconf 78' lang='lat' dir='ltr'>ut</span> <span class='ocrx_word' id='word_1_49' title='bbox 819 1048 1043 1135; x_wconf 52' lang='grc'>8888888818</span> <span class='ocrx_word' id='word_1_50' title='bbox 1081 1052 1245 1119; x_wconf 72' lang='lat' dir='ltr'>interiecta</span> 
     </span>
    </p>
   </div>
   <div class='ocr_carea' id='block_1_4' title="bbox 68 1156 634 1247">
    <p class='ocr_par' dir='ltr' id='par_1_4' title="bbox 68 1156 634 1247">
     <span class='ocr_line' id='line_1_9' title="bbox 68 1156 634 1247; baseline 0 -26"><span class='ocrx_word' id='word_1_51' title='bbox 68 1195 71 1198; x_wconf 93' lang='lat'><em>-</em></span> <span class='ocrx_word' id='word_1_52' title='bbox 178 1156 397 1247; x_wconf 79' lang='lat' dir='ltr'>exclamatione</span> <span class='ocrx_word' id='word_1_53' title='bbox 420 1156 634 1241; x_wconf 86' lang='lat' dir='ltr'>geminetur.¹)</span> 
     </span>
    </p>
   </div>
   <div class='ocr_carea' id='block_1_5' title="bbox 173 1262 1244 3562">
    <p class='ocr_par' dir='ltr' id='par_1_5' title="bbox 175 1262 1244 1565">
     <span class='ocr_line' id='line_1_10' title="bbox 276 1262 1244 1346; baseline 0.004 -19"><span class='ocrx_word' id='word_1_54' title='bbox 276 1262 342 1327; x_wconf 88' lang='lat' dir='ltr'>Ibd.</span> <span class='ocrx_word' id='word_1_55' title='bbox 365 1263 425 1324; x_wconf 88' lang='grc'>848</span> <span class='ocrx_word' id='word_1_56' title='bbox 447 1262 649 1328; x_wconf 75' lang='lat' dir='ltr'>Prometheus</span> <span class='ocrx_word' id='word_1_57' title='bbox 670 1263 802 1346; x_wconf 88' lang='lat' dir='ltr'>permire</span> <span class='ocrx_word' id='word_1_58' title='bbox 828 1263 879 1338; x_wconf 87' lang='lat' dir='ltr'>Io,</span> <span class='ocrx_word' id='word_1_59' title='bbox 908 1281 982 1327; x_wconf 84' lang='lat' dir='ltr'>eum</span> <span class='ocrx_word' id='word_1_60' title='bbox 1013 1263 1053 1329; x_wconf 86' lang='lat' dir='ltr'>ad</span> <span class='ocrx_word' id='word_1_61' title='bbox 1075 1264 1141 1329; x_wconf 84' lang='lat' dir='ltr'>Nili</span> <span class='ocrx_word' id='word_1_62' title='bbox 1162 1266 1244 1339; x_wconf 81' lang='lat' dir='ltr'>ostia</span> 
     </span>
     <span class='ocr_line' id='line_1_11' title="bbox 177 1367 1244 1458; baseline 0.003 -25"><span class='ocrx_word' id='word_1_63' title='bbox 177 1368 350 1445; x_wconf 77' lang='lat' dir='ltr'>aooesserit</span> <span class='ocrx_word' id='word_1_64' title='bbox 373 1368 500 1458; x_wconf 82' lang='lat' dir='ltr'>rationis</span> <span class='ocrx_word' id='word_1_65' title='bbox 521 1387 626 1434; x_wconf 90' lang='lat' dir='ltr'>rursus</span> <span class='ocrx_word' id='word_1_66' title='bbox 642 1370 816 1453; x_wconf 80' lang='lat' dir='ltr'>compotem</span> <span class='ocrx_word' id='word_1_67' title='bbox 848 1368 913 1433; x_wconf 89' lang='lat' dir='ltr'>fore</span> <span class='ocrx_word' id='word_1_68' title='bbox 941 1367 1018 1435; x_wconf 85' lang='lat' dir='ltr'>dieit</span> <span class='ocrx_word' id='word_1_69' title='bbox 1044 1371 1125 1436; x_wconf 87' lang='lat' dir='ltr'>Iovis</span> <span class='ocrx_word' id='word_1_70' title='bbox 1148 1390 1244 1437; x_wconf 85' lang='lat' dir='ltr'>manu</span> 
     </span>
     <span class='ocr_line' id='line_1_12' title="bbox 175 1475 734 1565; baseline 0.005 -25"><span class='ocrx_word' id='word_1_71' title='bbox 175 1477 297 1540; x_wconf 86' lang='lat' dir='ltr'>tantum</span> <span class='ocrx_word' id='word_1_72' title='bbox 319 1475 480 1565; x_wconf 53' lang='lat' dir='ltr'>tantuma</span> <span class='ocrx_word' id='word_1_73' title='bbox 603 1549 606 1553; x_wconf 11' lang='lat'><strong><em>⁴</em></strong></span> <span class='ocrx_word' id='word_1_74' title='bbox 731 1536 734 1543; x_wconf 94' lang='lat'><em>.</em></span> 
     </span>
    </p>

    <p class='ocr_par' dir='ltr' id='par_1_6' title="bbox 173 1573 1242 3562">
     <span class='ocr_line' id='line_1_13' title="bbox 311 1573 1058 1667; baseline 0.001 -22"><span class='ocrx_word' id='word_1_75' title='bbox 311 1581 465 1647; x_wconf 75' lang='grc' dir='ltr'><strong><em>ἐνταῦθα</em></strong></span> <span class='ocrx_word' id='word_1_76' title='bbox 489 1576 530 1665; x_wconf 74' lang='grc' dir='ltr'>δή</span> <span class='ocrx_word' id='word_1_77' title='bbox 553 1605 589 1646; x_wconf 89' lang='lat' dir='ltr'>oe</span> <span class='ocrx_word' id='word_1_78' title='bbox 618 1573 711 1660; x_wconf 67' lang='grc' dir='ltr'><em>,Ζεύς</em></span> <span class='ocrx_word' id='word_1_79' title='bbox 732 1581 873 1664; x_wconf 76' lang='grc' dir='ltr'><strong><em>τίθησιν</em></strong></span> <span class='ocrx_word' id='word_1_80' title='bbox 902 1588 1058 1667; x_wconf 82' lang='grc' dir='ltr'><strong><em>ὲμφρσνα</em></strong></span> 
     </span>
     <span class='ocr_line' id='line_1_14' title="bbox 309 1680 1066 1773; baseline -0.001 -21"><span class='ocrx_word' id='word_1_81' title='bbox 309 1687 448 1771; x_wconf 80' lang='grc' dir='ltr'><strong><em>ἐπαφῶν</em></strong></span> <span class='ocrx_word' id='word_1_82' title='bbox 470 1680 614 1772; x_wconf 59' lang='lat' dir='ltr'>danastri</span> <span class='ocrx_word' id='word_1_83' title='bbox 636 1688 717 1773; x_wconf 79' lang='grc' dir='ltr'><strong><em>χειρὶ</em></strong></span> <span class='ocrx_word' id='word_1_84' title='bbox 742 1688 796 1752; x_wconf 78' lang='grc' dir='ltr'>καὶ</span> <span class='ocrx_word' id='word_1_85' title='bbox 820 1681 931 1773; x_wconf 70' lang='grc' dir='ltr'><strong><em>θιγών</em></strong></span> <span class='ocrx_word' id='word_1_86' title='bbox 944 1680 1066 1770; x_wconf 85' lang='grc' dir='ltr'><strong><em>μόνον.</em></strong></span> 
     </span>
     <span class='ocr_line' id='line_1_15' title="bbox 176 1791 1242 1887; baseline 0 -33"><span class='ocrx_word' id='word_1_87' title='bbox 176 1791 256 1857; x_wconf 89' lang='lat' dir='ltr'>Nam</span> <span class='ocrx_word' id='word_1_88' title='bbox 281 1792 409 1859; x_wconf 87' lang='lat' dir='ltr'>rationis</span> <span class='ocrx_word' id='word_1_89' title='bbox 439 1812 497 1858; x_wconf 92' lang='lat' dir='ltr'>usu</span> <span class='ocrx_word' id='word_1_90' title='bbox 529 1813 686 1887; x_wconf 90' lang='lat' dir='ltr'>nunquam</span> <span class='ocrx_word' id='word_1_91' title='bbox 719 1794 774 1858; x_wconf 86' lang='lat' dir='ltr'>aut</span> <span class='ocrx_word' id='word_1_92' title='bbox 794 1796 866 1860; x_wconf 89' lang='lat' dir='ltr'>ante</span> <span class='ocrx_word' id='word_1_93' title='bbox 887 1794 921 1860; x_wconf 95' lang='lat' dir='ltr'>Io</span> <span class='ocrx_word' id='word_1_94' title='bbox 954 1794 1096 1859; x_wconf 73' lang='lat' dir='ltr'>caruerat</span> <span class='ocrx_word' id='word_1_95' title='bbox 1129 1791 1183 1856; x_wconf 89' lang='lat' dir='ltr'>aut</span> <span class='ocrx_word' id='word_1_96' title='bbox 1209 1792 1242 1855; x_wconf 89' lang='lat' dir='ltr'>in</span> 
     </span>
     <span class='ocr_line' id='line_1_16' title="bbox 177 1896 1241 1985; baseline -0.001 -24"><span class='ocrx_word' id='word_1_97' title='bbox 177 1899 231 1963; x_wconf 90' lang='lat' dir='ltr'>hoo</span> <span class='ocrx_word' id='word_1_98' title='bbox 252 1917 323 1965; x_wconf 87' lang='lat' dir='ltr'>eum</span> <span class='ocrx_word' id='word_1_99' title='bbox 343 1899 526 1965; x_wconf 85' lang='lat' dir='ltr'>Prometheo</span> <span class='ocrx_word' id='word_1_100' title='bbox 548 1901 696 1985; x_wconf 79' lang='lat' dir='ltr'>colloquio</span> <span class='ocrx_word' id='word_1_101' title='bbox 720 1901 818 1977; x_wconf 89' lang='lat' dir='ltr'>oaret;</span> <span class='ocrx_word' id='word_1_102' title='bbox 850 1918 908 1965; x_wconf 89' lang='lat' dir='ltr'>neo</span> <span class='ocrx_word' id='word_1_103' title='bbox 934 1899 1037 1965; x_wconf 89' lang='lat' dir='ltr'>minus</span> <span class='ocrx_word' id='word_1_104' title='bbox 1068 1897 1147 1963; x_wconf 91' lang='lat' dir='ltr'>mire</span> <span class='ocrx_word' id='word_1_105' title='bbox 1169 1896 1241 1962; x_wconf 88' lang='lat' dir='ltr'>huie</span> 
     </span>
     <span class='ocr_line' id='line_1_17' title="bbox 175 2004 1242 2088; baseline 0.001 -21"><span class='ocrx_word' id='word_1_106' title='bbox 175 2005 387 2088; x_wconf 81' lang='lat' dir='ltr'>recuperandae</span> <span class='ocrx_word' id='word_1_107' title='bbox 410 2008 496 2072; x_wconf 85' lang='lat' dir='ltr'>tactu</span> <span class='ocrx_word' id='word_1_108' title='bbox 517 2007 599 2072; x_wconf 90' lang='lat' dir='ltr'>Iovis</span> <span class='ocrx_word' id='word_1_109' title='bbox 631 2005 757 2072; x_wconf 86' lang='lat' dir='ltr'>rationis</span> <span class='ocrx_word' id='word_1_110' title='bbox 778 2005 928 2073; x_wconf 84' lang='lat' dir='ltr'>mentioni</span> <span class='ocrx_word' id='word_1_111' title='bbox 949 2005 1154 2072; x_wconf 83' lang='lat' dir='ltr'>subiiciuntur</span> <span class='ocrx_word' id='word_1_112' title='bbox 1175 2004 1242 2069; x_wconf 87' lang='lat' dir='ltr'>haeo</span> 
     </span>
     <span class='ocr_line' id='line_1_18' title="bbox 176 2109 499 2195; baseline -0.003 -21"><span class='ocrx_word' id='word_1_113' title='bbox 176 2111 212 2177; x_wconf 88' lang='lat' dir='ltr'>de</span> <span class='ocrx_word' id='word_1_114' title='bbox 243 2110 306 2177; x_wconf 88' lang='lat' dir='ltr'>filio</span> <span class='ocrx_word' id='word_1_115' title='bbox 332 2109 499 2195; x_wconf 80' lang='lat' dir='ltr'>nascituro:</span> 
     </span>
     <span class='ocr_line' id='line_1_19' title="bbox 349 2211 1063 2303; baseline -0.001 -20"><span class='ocrx_word' id='word_1_116' title='bbox 349 2211 561 2303; x_wconf 78' lang='grc' dir='ltr'><strong><em>Ἐπώννμσν</em></strong></span> <span class='ocrx_word' id='word_1_117' title='bbox 586 2218 620 2284; x_wconf 73' lang='grc' dir='ltr'>δὲ</span> <span class='ocrx_word' id='word_1_118' title='bbox 642 2217 710 2282; x_wconf 80' lang='grc' dir='ltr'>τών</span> <span class='ocrx_word' id='word_1_119' title='bbox 735 2211 817 2290; x_wconf 82' lang='grc' dir='ltr'>Διός</span> <span class='ocrx_word' id='word_1_120' title='bbox 838 2211 1063 2302; x_wconf 74' lang='grc' dir='ltr'><strong><em>γεννημάτων</em></strong></span> 
     </span>
     <span class='ocr_line' id='line_1_20' title="bbox 344 2319 821 2407; baseline 0.006 -21"><span class='ocrx_word' id='word_1_121' title='bbox 344 2325 447 2399; x_wconf 78' lang='grc' dir='ltr'><strong><em>τέξεις</em></strong></span> <span class='ocrx_word' id='word_1_122' title='bbox 469 2319 627 2389; x_wconf 76' lang='grc' dir='ltr'><strong><em>κελαινόν</em></strong></span> <span class='ocrx_word' id='word_1_123' title='bbox 644 2321 821 2407; x_wconf 80' lang='grc' dir='ltr'><strong><em>Ἔπαφον,</em></strong></span> 
     </span>
     <span class='ocr_line' id='line_1_21' title="bbox 175 2425 1239 2511; baseline 0.004 -25"><span class='ocrx_word' id='word_1_124' title='bbox 175 2425 210 2486; x_wconf 88' lang='grc'>88</span> <span class='ocrx_word' id='word_1_125' title='bbox 229 2443 339 2490; x_wconf 89' lang='lat' dir='ltr'>nomen</span> <span class='ocrx_word' id='word_1_126' title='bbox 363 2428 420 2492; x_wconf 89' lang='lat' dir='ltr'>filii</span> <span class='ocrx_word' id='word_1_127' title='bbox 434 2429 585 2511; x_wconf 85' lang='lat' dir='ltr'>pertineat</span> <span class='ocrx_word' id='word_1_128' title='bbox 596 2449 656 2495; x_wconf 92' lang='lat' dir='ltr'>non</span> <span class='ocrx_word' id='word_1_129' title='bbox 668 2429 707 2495; x_wconf 88' lang='lat' dir='ltr'>ad</span> <span class='ocrx_word' id='word_1_130' title='bbox 721 2425 904 2494; x_wconf 88' lang='lat' dir='ltr'>memoriam</span> <span class='ocrx_word' id='word_1_131' title='bbox 917 2425 982 2491; x_wconf 90' lang='lat' dir='ltr'>eius</span> <span class='ocrx_word' id='word_1_132' title='bbox 993 2427 1106 2504; x_wconf 78' lang='lat' dir='ltr'>taetus,</span> <span class='ocrx_word' id='word_1_133' title='bbox 1128 2443 1164 2489; x_wconf 84' lang='lat' dir='ltr'>ex</span> <span class='ocrx_word' id='word_1_134' title='bbox 1179 2443 1239 2508; x_wconf 91' lang='lat' dir='ltr'>quo</span> 
     </span>
     <span class='ocr_line' id='line_1_22' title="bbox 174 2528 1239 2618; baseline 0.005 -27"><span class='ocrx_word' id='word_1_135' title='bbox 174 2528 240 2611; x_wconf 88' lang='lat' dir='ltr'>ipse</span> <span class='ocrx_word' id='word_1_136' title='bbox 261 2533 346 2597; x_wconf 91' lang='lat' dir='ltr'>ortus</span> <span class='ocrx_word' id='word_1_137' title='bbox 369 2533 420 2612; x_wconf 79' lang='lat' dir='ltr'>sit,</span> <span class='ocrx_word' id='word_1_138' title='bbox 446 2535 500 2600; x_wconf 89' lang='lat' dir='ltr'>sed</span> <span class='ocrx_word' id='word_1_139' title='bbox 519 2536 558 2601; x_wconf 88' lang='lat' dir='ltr'>ad</span> <span class='ocrx_word' id='word_1_140' title='bbox 581 2535 655 2609; x_wconf 89' lang='lat' dir='ltr'>eius,</span> <span class='ocrx_word' id='word_1_141' title='bbox 683 2553 741 2618; x_wconf 90' lang='lat' dir='ltr'>quo</span> <span class='ocrx_word' id='word_1_142' title='bbox 761 2531 1093 2598; x_wconf 87' lang='lat' dir='ltr'>mensmatn&#39;reddita.</span> <span class='ocrx_word' id='word_1_143' title='bbox 1129 2531 1239 2613; x_wconf 87' lang='lat' dir='ltr'>Itaque</span> 
     </span>
     <span class='ocr_line' id='line_1_23' title="bbox 176 2633 1237 2716; baseline 0.001 -20"><span class='ocrx_word' id='word_1_144' title='bbox 176 2633 255 2716; x_wconf 84' lang='lat' dir='ltr'>quod</span> <span class='ocrx_word' id='word_1_145' title='bbox 276 2636 342 2702; x_wconf 84' lang='lat' dir='ltr'>haee</span> <span class='ocrx_word' id='word_1_146' title='bbox 375 2658 433 2704; x_wconf 92' lang='lat' dir='ltr'>non</span> <span class='ocrx_word' id='word_1_147' title='bbox 456 2641 627 2716; x_wconf 86' lang='lat' dir='ltr'>cohaerent,</span> <span class='ocrx_word' id='word_1_148' title='bbox 656 2639 823 2706; x_wconf 82' lang='lat' dir='ltr'>Elmsleius</span> <span class='ocrx_word' id='word_1_149' title='bbox 858 2639 890 2703; x_wconf 88' lang='lat' dir='ltr'>et</span> <span class='ocrx_word' id='word_1_150' title='bbox 915 2637 1092 2702; x_wconf 88' lang='lat' dir='ltr'>Dindorfius</span> <span class='ocrx_word' id='word_1_151' title='bbox 1125 2657 1153 2703; x_wconf 88' lang='lat' dir='ltr'>v.</span> <span class='ocrx_word' id='word_1_152' title='bbox 1177 2637 1237 2699; x_wconf 87' lang='grc'>849</span> 
     </span>
     <span class='ocr_line' id='line_1_24' title="bbox 175 2740 1239 2829; baseline 0.005 -27"><span class='ocrx_word' id='word_1_153' title='bbox 175 2740 324 2806; x_wconf 86' lang='lat' dir='ltr'>violenter</span> <span class='ocrx_word' id='word_1_154' title='bbox 346 2746 389 2825; x_wconf 74' lang='grc' dir='ltr'>Ι88</span> <span class='ocrx_word' id='word_1_155' title='bbox 424 2747 491 2812; x_wconf 87' lang='grc'>8188</span> <span class='ocrx_word' id='word_1_156' title='bbox 526 2747 605 2825; x_wconf 84' lang='lat' dir='ltr'>ulla,</span> <span class='ocrx_word' id='word_1_157' title='bbox 650 2765 716 2829; x_wconf 88' lang='lat' dir='ltr'>quae</span> <span class='ocrx_word' id='word_1_158' title='bbox 751 2746 782 2810; x_wconf 93' lang='lat' dir='ltr'>in</span> <span class='ocrx_word' id='word_1_159' title='bbox 818 2745 884 2827; x_wconf 88' lang='lat' dir='ltr'>ipso</span> <span class='ocrx_word' id='word_1_160' title='bbox 920 2763 1011 2810; x_wconf 83' lang='lat' dir='ltr'>versu</span> <span class='ocrx_word' id='word_1_161' title='bbox 1047 2743 1102 2823; x_wconf 82' lang='lat' dir='ltr'>sit,</span> <span class='ocrx_word' id='word_1_162' title='bbox 1146 2761 1239 2808; x_wconf 87' lang='lat' dir='ltr'>eausa</span> 
     </span>
     <span class='ocr_line' id='line_1_25' title="bbox 175 2844 1238 2933; baseline 0.004 -25"><span class='ocrx_word' id='word_1_163' title='bbox 175 2844 314 2921; x_wconf 85' lang='grc'>81181888,</span> <span class='ocrx_word' id='word_1_164' title='bbox 358 2850 554 2917; x_wconf 89' lang='lat' dir='ltr'>Hermannus</span> <span class='ocrx_word' id='word_1_165' title='bbox 597 2852 676 2916; x_wconf 88' lang='lat' dir='ltr'>inter</span> <span class='ocrx_word' id='word_1_166' title='bbox 719 2850 779 2914; x_wconf 88' lang='grc'>848</span> <span class='ocrx_word' id='word_1_167' title='bbox 823 2853 855 2916; x_wconf 89' lang='grc'>88</span> <span class='ocrx_word' id='word_1_168' title='bbox 900 2850 961 2915; x_wconf 87' lang='grc'>849</span> <span class='ocrx_word' id='word_1_169' title='bbox 1005 2847 1120 2933; x_wconf 89' lang='lat' dir='ltr'>aliquid</span> <span class='ocrx_word' id='word_1_170' title='bbox 1157 2849 1238 2914; x_wconf 82' lang='lat' dir='ltr'>eroi-</span> 
     </span>
     <span class='ocr_line' id='line_1_26' title="bbox 175 2949 1238 3039; baseline 0.007 -26"><span class='ocrx_word' id='word_1_171' title='bbox 175 2949 255 3014; x_wconf 87' lang='lat' dir='ltr'>disse</span> <span class='ocrx_word' id='word_1_172' title='bbox 282 2954 381 3033; x_wconf 85' lang='lat' dir='ltr'>putat.</span> <span class='ocrx_word' id='word_1_173' title='bbox 435 2955 613 3020; x_wconf 88' lang='lat' dir='ltr'>Diodorfius</span> <span class='ocrx_word' id='word_1_174' title='bbox 639 2957 779 3039; x_wconf 88' lang='lat' dir='ltr'>quidem,</span> <span class='ocrx_word' id='word_1_175' title='bbox 811 2954 1105 3032; x_wconf 79' lang='grc'>111888888818888,</span> <span class='ocrx_word' id='word_1_176' title='bbox 1134 2954 1238 3020; x_wconf 87' lang='lat' dir='ltr'>taetus</span> 
     </span>
     <span class='ocr_line' id='line_1_27' title="bbox 174 3053 1236 3145; baseline 0.003 -25"><span class='ocrx_word' id='word_1_177' title='bbox 174 3053 375 3138; x_wconf 81' lang='lat' dir='ltr'>mentionem&#39;</span> <span class='ocrx_word' id='word_1_178' title='bbox 394 3078 461 3143; x_wconf 87' lang='lat' dir='ltr'>quae</span> <span class='ocrx_word' id='word_1_179' title='bbox 484 3061 591 3127; x_wconf 87' lang='lat' dir='ltr'>abesse</span> <span class='ocrx_word' id='word_1_180' title='bbox 618 3065 744 3145; x_wconf 86' lang='lat' dir='ltr'>propter</span> <span class='ocrx_word' id='word_1_181' title='bbox 766 3055 951 3143; x_wconf 76' lang='grc' dir='ltr'><strong><em>ἐπώνυμον</em></strong></span> <span class='ocrx_word' id='word_1_182' title='bbox 983 3060 1014 3125; x_wconf 90' lang='grc'>88</span> <span class='ocrx_word' id='word_1_183' title='bbox 1038 3061 1139 3125; x_wconf 90' lang='lat' dir='ltr'>totam</span> <span class='ocrx_word' id='word_1_184' title='bbox 1166 3077 1236 3124; x_wconf 87' lang='lat' dir='ltr'>sen·</span> 
     </span>
     <span class='ocr_line' id='line_1_28' title="bbox 173 3157 1237 3257; baseline 0.004 -31"><span class='ocrx_word' id='word_1_185' title='bbox 173 3162 302 3228; x_wconf 87' lang='lat' dir='ltr'>tentiam</span> <span class='ocrx_word' id='word_1_186' title='bbox 327 3164 441 3250; x_wconf 87' lang='lat' dir='ltr'>nequit,</span> <span class='ocrx_word' id='word_1_187' title='bbox 464 3166 629 3257; x_wconf 86' lang='lat' dir='ltr'>Wieseleri</span> <span class='ocrx_word' id='word_1_188' title='bbox 650 3167 821 3233; x_wconf 77' lang='lat' dir='ltr'>coniectura</span> <span class='ocrx_word' id='word_1_189' title='bbox 844 3157 995 3253; x_wconf 79' lang='grc' dir='ltr'>(γέννημ’</span> <span class='ocrx_word' id='word_1_190' title='bbox 1019 3158 1129 3250; x_wconf 65' lang='lat' dir='ltr'>daeo)</span> <span class='ocrx_word' id='word_1_191' title='bbox 1149 3167 1237 3250; x_wconf 87' lang='lat' dir='ltr'>post-</span> 
     </span>
     <span class='ocr_line' id='line_1_29' title="bbox 173 3267 1235 3355; baseline 0.006 -24"><span class='ocrx_word' id='word_1_192' title='bbox 173 3267 290 3334; x_wconf 89' lang='lat' dir='ltr'>liminio</span> <span class='ocrx_word' id='word_1_193' title='bbox 311 3273 454 3338; x_wconf 87' lang='lat' dir='ltr'>restituit.</span> <span class='ocrx_word' id='word_1_194' title='bbox 497 3273 597 3338; x_wconf 87' lang='lat' dir='ltr'>Reota</span> <span class='ocrx_word' id='word_1_195' title='bbox 618 3273 721 3337; x_wconf 88' lang='lat' dir='ltr'>omnia</span> <span class='ocrx_word' id='word_1_196' title='bbox 742 3274 839 3351; x_wconf 77' lang='lat' dir='ltr'>erunt,</span> <span class='ocrx_word' id='word_1_197' title='bbox 861 3272 888 3337; x_wconf 92' lang='lat' dir='ltr'>si</span> <span class='ocrx_word' id='word_1_198' title='bbox 908 3291 963 3354; x_wconf 86' lang='lat' dir='ltr'>pro</span> <span class='ocrx_word' id='word_1_199' title='bbox 983 3271 1087 3355; x_wconf 88' lang='lat' dir='ltr'>inepta</span> <span class='ocrx_word' id='word_1_200' title='bbox 1108 3272 1235 3337; x_wconf 90' lang='lat' dir='ltr'>rationis</span> 
     </span>
     <span class='ocr_line' id='line_1_30' title="bbox 173 3375 1236 3461; baseline 0.005 -23"><span class='ocrx_word' id='word_1_201' title='bbox 173 3375 325 3441; x_wconf 85' lang='lat' dir='ltr'>mentione</span> <span class='ocrx_word' id='word_1_202' title='bbox 348 3378 595 3446; x_wconf 87' lang='lat' dir='ltr'>substituerimus</span> <span class='ocrx_word' id='word_1_203' title='bbox 618 3379 821 3444; x_wconf 88' lang='lat' dir='ltr'>neeessariam</span> <span class='ocrx_word' id='word_1_204' title='bbox 850 3379 882 3443; x_wconf 90' lang='grc'>88</span> <span class='ocrx_word' id='word_1_205' title='bbox 901 3377 1017 3442; x_wconf 82' lang='lat' dir='ltr'>rectam</span> <span class='ocrx_word' id='word_1_206' title='bbox 1039 3377 1236 3461; x_wconf 74' lang='lat' dir='ltr'>granditatis</span> 
     </span>
     <span class='ocr_line' id='line_1_31' title="bbox 173 3481 1235 3562; baseline 0.004 -18"><span class='ocrx_word' id='word_1_207' title='bbox 173 3481 235 3545; x_wconf 90' lang='lat' dir='ltr'>solo</span> <span class='ocrx_word' id='word_1_208' title='bbox 261 3484 347 3548; x_wconf 84' lang='grc'>88888</span> <span class='ocrx_word' id='word_1_209' title='bbox 378 3482 560 3562; x_wconf 80' lang='lat' dir='ltr'>efficiendae,</span> <span class='ocrx_word' id='word_1_210' title='bbox 591 3485 676 3550; x_wconf 85' lang='lat' dir='ltr'>euius</span> <span class='ocrx_word' id='word_1_211' title='bbox 712 3484 758 3549; x_wconf 88' lang='lat' dir='ltr'>rei</span> <span class='ocrx_word' id='word_1_212' title='bbox 786 3484 819 3548; x_wconf 92' lang='lat' dir='ltr'>in</span> <span class='ocrx_word' id='word_1_213' title='bbox 851 3481 914 3548; x_wconf 86' lang='lat' dir='ltr'>filio</span> <span class='ocrx_word' id='word_1_214' title='bbox 948 3483 1019 3548; x_wconf 90' lang='lat' dir='ltr'>nato</span> <span class='ocrx_word' id='word_1_215' title='bbox 1054 3484 1235 3550; x_wconf 82' lang='lat' dir='ltr'>memoriam</span> 
     </span>
    </p>
   </div>
   <div class='ocr_carea' id='block_1_6' title="bbox 171 3658 370 3671">
    <p class='ocr_par' dir='ltr' id='par_1_7' title="bbox 171 3658 370 3671">
     <span class='ocr_line' id='line_1_32' title="bbox 171 3658 370 3671; baseline 0.015 -3"><span class='ocrx_word' id='word_1_216' title='bbox 171 3658 370 3671; x_wconf 79' lang='lat'>————-</span> 
     </span>
    </p>
   </div>
   <div class='ocr_carea' id='block_1_7' title="bbox 197 3752 1234 4106">
    <p class='ocr_par' dir='ltr' id='par_1_8' title="bbox 197 3752 1234 4106">
     <span class='ocr_line' id='line_1_33' title="bbox 197 3752 1234 3827; baseline 0.002 -20"><span class='ocrx_word' id='word_1_217' title='bbox 197 3753 219 3816; x_wconf 77' lang='lat'>¹)</span> <span class='ocrx_word' id='word_1_218' title='bbox 237 3770 262 3808; x_wconf 84' lang='lat' dir='ltr'>v.</span> <span class='ocrx_word' id='word_1_219' title='bbox 282 3757 333 3813; x_wconf 80' lang='lat'>770</span> <span class='ocrx_word' id='word_1_220' title='bbox 351 3756 520 3812; x_wconf 84' lang='lat' dir='ltr'>Hermunnns</span> <span class='ocrx_word' id='word_1_221' title='bbox 538 3755 608 3812; x_wconf 82' lang='lat' dir='ltr'>vidit</span> <span class='ocrx_word' id='word_1_222' title='bbox 634 3754 795 3827; x_wconf 71' lang='lat' dir='ltr'>wriptnram</span> <span class='ocrx_word' id='word_1_223' title='bbox 823 3754 921 3810; x_wconf 80' lang='lat' dir='ltr'>codicis</span> <span class='ocrx_word' id='word_1_224' title='bbox 941 3753 1055 3809; x_wconf 86' lang='lat' dir='ltr'>Medioei</span> <span class='ocrx_word' id='word_1_225' title='bbox 1073 3752 1234 3824; x_wconf 82' lang='lat' dir='ltr'>simpliciter</span> 
     </span>
     <span class='ocr_line' id='line_1_34' title="bbox 239 3843 1233 3918; baseline 0.005 -19"><span class='ocrx_word' id='word_1_226' title='bbox 239 3849 434 3905; x_wconf 84' lang='lat' dir='ltr'>restituendam</span> <span class='ocrx_word' id='word_1_227' title='bbox 452 3865 509 3904; x_wconf 84' lang='lat' dir='ltr'>esse</span> <span class='ocrx_word' id='word_1_228' title='bbox 532 3849 576 3917; x_wconf 75' lang='lat' dir='ltr'>(ori</span> <span class='ocrx_word' id='word_1_229' title='bbox 595 3852 674 3918; x_wconf 74' lang='grc' dir='ltr'><strong><em>δῆτα,</em></strong></span> <span class='ocrx_word' id='word_1_230' title='bbox 694 3848 766 3918; x_wconf 70' lang='grc' dir='ltr'>πλὴν</span> <span class='ocrx_word' id='word_1_231' title='bbox 785 3847 862 3918; x_wconf 64' lang='grc' dir='ltr'><em>ἔγωγ’</em></span> <span class='ocrx_word' id='word_1_232' title='bbox 880 3843 916 3902; x_wconf 74' lang='grc' dir='ltr'>ἂν</span> <span class='ocrx_word' id='word_1_233' title='bbox 935 3846 966 3902; x_wconf 74' lang='grc' dir='ltr'>ἐκ</span> <span class='ocrx_word' id='word_1_234' title='bbox 983 3849 1091 3915; x_wconf 79' lang='grc' dir='ltr'><strong><em>δεσμῶν</em></strong></span> <span class='ocrx_word' id='word_1_235' title='bbox 1115 3849 1233 3916; x_wconf 76' lang='grc' dir='ltr'>λυθείς).</span> 
     </span>
     <span class='ocr_line' id='line_1_35' title="bbox 240 3939 1234 4010; baseline 0.001 -18"><span class='ocrx_word' id='word_1_236' title='bbox 240 3939 329 4007; x_wconf 84' lang='lat' dir='ltr'>Negat</span> <span class='ocrx_word' id='word_1_237' title='bbox 347 3941 522 3998; x_wconf 86' lang='lat' dir='ltr'>Prometheus</span> <span class='ocrx_word' id='word_1_238' title='bbox 540 3942 614 3999; x_wconf 83' lang='lat' dir='ltr'>aliud</span> <span class='ocrx_word' id='word_1_239' title='bbox 632 3956 689 3996; x_wconf 89' lang='lat' dir='ltr'>esse</span> <span class='ocrx_word' id='word_1_240' title='bbox 710 3939 823 4010; x_wconf 86' lang='lat' dir='ltr'>parienli</span> <span class='ocrx_word' id='word_1_241' title='bbox 840 3939 979 3995; x_wconf 77' lang='lat' dir='ltr'>avertendi</span> <span class='ocrx_word' id='word_1_242' title='bbox 1001 3939 1134 3997; x_wconf 84' lang='lat' dir='ltr'>auxilinm</span> <span class='ocrx_word' id='word_1_243' title='bbox 1152 3955 1234 4008; x_wconf 86' lang='lat' dir='ltr'>quarn</span> 
     </span>
     <span class='ocr_line' id='line_1_36' title="bbox 240 4029 794 4106; baseline 0.007 -24"><span class='ocrx_word' id='word_1_244' title='bbox 240 4045 266 4083; x_wconf 91' lang='lat' dir='ltr'>se</span> <span class='ocrx_word' id='word_1_245' title='bbox 284 4029 373 4099; x_wconf 89' lang='lat' dir='ltr'>ipsum</span> <span class='ocrx_word' id='word_1_246' title='bbox 391 4034 487 4090; x_wconf 82' lang='lat' dir='ltr'>vinclis</span> <span class='ocrx_word' id='word_1_247' title='bbox 505 4031 649 4106; x_wconf 86' lang='lat' dir='ltr'>aliquando</span> <span class='ocrx_word' id='word_1_248' title='bbox 667 4031 794 4087; x_wconf 85' lang='lat' dir='ltr'>solutum.</span> 
     </span>
    </p>
   </div>
   <div class='ocr_carea' id='block_1_8' title="bbox 0 0 1294 4530">
    <p class='ocr_par' dir='ltr' id='par_1_9' title="bbox 0 0 1294 4530">
     <span class='ocr_line' id='line_1_37' title="bbox 0 0 1294 4530; baseline 0 3"><span class='ocrx_word' id='word_1_249' title='bbox 0 0 1294 4530; x_wconf 95' lang='lat' dir='ltr'> </span> 
     </span>
    </p>
   </div>
  </div>
 </body>
</html>
