2580 4530
547 238 607 293 Lib.
625 241 647 294 Ι.
1029 241 1086 301 175

70 437 169 503 iocose·
200 437 380 520 promittit:
436 439 492 502 καί
532 463 583 503 σοι
625 431 688 524 ἐγώ
727 433 957 525 ιίτιιοχνοιιμαι
1002 443 1130 528 χρυσῆν

69 535 173 608 εἰκόνα
200 589 207 605 .
235 593 242 607 .
267 591 275 607 .
301 550 335 617 ἐς
351 539 507 628 Δελφούς
530 538 735 626 α’ναθήιιειν,
757 567 823 630 quae
842 543 1151 613 verbamct‘lssime'

66 669 126 714 cum
155 648 316 730 superiore
346 652 529 735 imperativo
558 651 768 735 coniungenda
794 657 879 717 sunt:
917 653 977 717 fec
1001 702 1007 717 .
1032 703 1039 718 .
1062 703 1069 718 .
1092 656 1130 719 et

63 755 269 838 promitto;
306 757 427 822 dixerat
455 759 558 822 autem
589 756 729 822 Socrates
757 779 790 824 se
823 754 916 843 τιαριί
946 760 1052 824 ταῦτα
1084 756 1129 824 ἄν

64 868 144 946 ἔχειν
166 870 267 942 ἔτερα
292 867 406 927 εἰπεῖν
427 857 478 948 ,ιιὴ
500 866 606 948 χείρω.
643 864 712 928 Hoc
733 867 827 950 igitur
849 865 1007 930 aPhaedro
1028 866 1128 931 facere

62 970 194 1033 iubetur:
228 971 332 1035 τούτο
356 963 442 1036 αὐτὸ
467 970 626 1054 ποίησον
653 971 721 1035 τῶν
736 979 772 1037 ἐν
792 974 837 1056 τῷ
852 973 983 1061 βιβλίῳ
1004 972 1127 1053 βελτίω

62 1101 90 1140 τε
107 1077 163 1139 καί
175 1069 230 1160 ,ιι-ἡ
244 1070 371 1141 ε’λιίτιω
396 1077 515 1142 εἷτιον
537 1077 604 1159 (aut
627 1079 662 1140 εἰ
669 1102 691 1139 τι
701 1079 735 1153 ί),
760 1070 890 1144 τούτων
905 1071 1136 1162 α’τιεχόριτνοςε

62 1181 249 1265 Imperativo
287 1185 385 1262 (cuius
425 1184 552 1266 utraque
585 1183 686 1248 forma
718 1184 807 1248 Plato
839 1184 949 1265 utitur)
985 1184 1126 1266 corrupto

61 1291 165 1352 natum
204 1289 256 1353 est
289 1308 420 1372 pravum
452 1289 528 1353 illud
565 1311 743 1375 οιιοοχεοιι
787 1292 877 1375 (quod
911 1291 963 1375 qui
995 1291 1127 1372 scripsit,

60 1389 239 1482 ιαιοοχήοῃ
268 1397 404 1460 scribere
430 1396 563 1461 voluisse
591 1397 675 1461 videt
661 1401 740 1472 tur),
775 1397 862 1478 quasi
889 1397 973 1460 duo
976 1397 1127 1479 promissa

62 1504 196 1566 intense
216 1503 491 1622 compararentur.
542 1503 578 1566 In
558 1502 699 1587 nLysiae
722 1501 789 1565 oret
790 1502 858 1566 ione
879 1500 949 1578 XII,
974 1503 1012 1564 26
1044 1495 1128 1581 (ee’l

58 1605 105 1672 ὅτι
135 1614 221 1692 μὲν,
260 1602 305 1679 οἷς
340 1602 422 1692 φῂς
459 1602 648 1674 α’ντειπων
643 1600 766 1673 odda
799 1601 987 1691 optinuere,
1021 1603 1127 1684 αξιοῖς

58 1711 200 1801 χρηστός
230 1714 453 1795 νομίζεσθαι,
482 1711 532 1780 ὅτι
558 1715 591 1780 dl
615 1709 794 1799 συλλαβών
820 1707 1033 1790 αἰτίιιτεινας,
1063 1709 1125 1780 οὐκ

58 1826 114 1889 ciet
140 1823 222 1907 ἐμοὶ
248 1821 302 1885 καί
328 1822 477 1886 τοοτοιοὶ
496 1821 613 1886 δοῦναι
630 1821 761 1904 dinem)
783 1821 857 1885 olim
878 1820 949 1884 δεῖν
972 1809 1042 1903 post
1063 1823 1126 1888 οἴει

57 1929 236 1994 addendum
270 1927 392 2009 putavi,
429 1928 465 1991 ut
497 1932 559 2016 οἴει
600 1929 674 1993 δεῖν
708 1927 907 2010 responderet
938 1927 1125 2010 praecedenti

56 2030 161 2111 ιίξιοῑς
187 2041 244 2110 l—
266 2052 340 2096 nam
363 2032 401 2096 de
425 2035 628 2116 postulatione
649 2033 863 2098 Eratosthenis
886 2033 1001 2116 agitur,
1030 2036 1124 2098 utne

57 2134 267 2208 οἴει-δώσειν
290 2138 415 2221 quidem
436 2141 526 2221 plene
551 2141 658 2225 aptum
679 2141 815 2204 futurum
837 2139 930 2202 fuerit
954 2146 1020 2216 --);
1044 2158 1125 2203 nunc

59 2251 158 2331 potius
172 2249 282 2330 ipsum
296 2248 358 2310 οἴει
372 2245 455 2308 male
467 2242 607 2311 additum
619 2248 702 2329 puto,
727 2263 798 2307 cum
814 2262 872 2308 non
884 2245 1126 2328 intellegeretur,

58 2358 84 2419 in
106 2355 175 2419 his:
200 2346 265 2418 οτιίι
290 2354 365 2436 ἐμοὶ
463 2351 579 2416 δοῦναι
604 2352 702 2433 δίκην
724 2350 821 2413 audiri
845 2343 1029 2432 dreozupost
1050 2345 1122 2416 οὖν.

59 2461 128 2537 (Cir.
141 2460 184 2538 X,
201 2461 266 2537 13.)
300 2459 346 2521 Ex
360 2458 419 2523 hoo
433 2459 519 2539 pravi
535 2456 739 2540 supplementi
749 2456 830 2519 fonte
842 2457 942 2519 ortum
958 2458 1006 2520 est
1016 2458 1125 2522 vitium

57 2566 206 2632 orationis
232 2564 316 2648 apud
337 2550 502 2628 Diodorum
525 2563 585 2627 Sic.
602 2561 687 2642 XIX,
710 2563 767 2624 86:
791 2561 1021 2642 παρεκάλεσεν
1043 2557 1125 2631 Ἀν-

59 2669 220 2756 δρόνικον
249 2666 313 2736 τόν
342 2663 554 2755 φρούραρχον
588 2670 802 2750 παραδοῦναι
839 2664 902 2753 τήν
936 2665 1038 2736 πόλιν
1070 2671 1124 2736 καὶ

60 2776 185 2864 (irnperio
213 2806 250 2844 τε
264 2780 328 2842 -καὶ
352 2773 454 2858 utpote
482 2772 589 2858 ιίδροίς
621 2776 843 2873 ἐπηγγείλατο
873 2778 1003 2842 δοῦναι.
1052 2778 1125 2842 Tol-

58 2886 182 2949 lendum
209 2885 342 2950 dodvac.
376 2885 467 2967 Apud
478 2877 648 2947 Lucienum
669 2882 701 2945 in
721 2884 891 2948 Anacharsi
904 2885 978 2948 c30
1000 2877 1125 2968 (οἰόμε-

62 3018 106 3056 νοι
137 2986 299 3075 φύλακας
326 2985 412 3073 ἡμῖν
438 2991 498 3071 τῆς
528 2982 657 3058 πόλεως
690 2981 848 3074 οἷνοιθοείς
874 2994 1037 3076 γενέσθαι
1068 2990 1123 3054 καί

60 3104 91 3162 ἐν
106 3100 293 3182 ἐλευθερία
315 3089 505 3181 βιώσεσθαι
532 3089 573 3159 δι’
601 3077 740 3173 αὐτούς)
764 3102 926 3182 γενέσθαι
950 3117 1010 3161 non
1031 3097 1123 3161 infre·

60 3207 163 3287 quenti
187 3224 289 3269 errore
312 3205 461 3285 scriptum
486 3203 533 3267 est
555 3220 608 3284 pro
630 3202 767 3285 longiore
789 3204 888 3268 forma
905 3197 1124 3288 γενήσεσθαι,

60 3316 90 3374 ut
110 3312 196 3395 apud
210 3310 394 3374 Strabonem
406 3308 461 3371 XV
474 3329 503 3390 p.
519 3310 590 3383 715,
612 3308 665 3371 ubi
682 3307 813 3372 Calenus
837 3309 943 3372 mundi
964 3308 1124 3375 interitum

61 3418 167 3483 adesse
196 3416 354 3500 praedicit:
395 3407 582 3479 eruderandos
619 3440 653 3477 τε
692 3407 886 3498 ιίφανιομός
919 3415 986 3478 τών
1016 3410 1124 3477 ὄντων

61 3532 283 3608 γενι;οεοθαι,
313 3522 452 3600 neunt
475 3520 589 3594 editur,
620 3522 825 3604 νενίοθαιῑ).
879 3521 1003 3594 Restat,
1032 3539 1124 3601 quem

87 3770 108 3837 ¹)
126 3772 231 3826 Eadem
250 3772 369 3826 mutatio
386 3771 506 3825 facienda
524 3770 609 3823 videri
637 3772 722 3839 possit
739 3771 809 3840 apud
826 3769 1032 3823 Demosthenem
1050 3767 1123 3831 XVI,

127 3869 157 3920 4·
192 3865 252 3919 εστι
275 3869 371 3920 τοίνυν
399 3865 427 3918 ἔν
454 3884 507 3918 τινι
529 3863 645 3933 τοιούτῳ
664 3868 749 3937 καιρῷ
767 3861 800 3915 τὰ
820 3861 967 3929 πράγματα
984 3845 1070 3923 cdv„

128 3976 197 4012 ωστε
228 3961 373 4029 Θηβαίους
404 3956 453 4025 μὲν
478 3957 651 4028 Ὀρχομενοῦ
675 3959 719 4012 καί
748 3958 872 4008 Θεσπιῶν
903 3954 946 4005 καί
980 3957 1124 4006 Πλαταιῶν

125 4052 306 4106 οἰκισθεισῶν
319 4052 450 4114 ἀσθενεῖς
463 4053 601 4120 γενέσθαι,
621 4051 857 4117 Λακεδαιμονίους
873 4047 906 4109 δ’,
926 4049 951 4101 εἰ
961 4048 1123 4117 ποιήσονται
