2580 4530
601 271 661 327 ura.
680 271 704 325 1.
1103 270 1143 335 57

108 493 173 532 ταν
197 475 253 533 ἔτι
282 470 354 535 τῶν
377 460 542 552 ὀμμάτων
563 470 616 535 καὶ
639 468 706 552 τῆς
723 470 785 535 τοῦ
801 463 987 554 προσώπου
998 470 1185 543 διαθέσεως

108 575 449 660 διαφυλαττομὲνης,
471 575 570 644 dosora
593 575 627 642 dd
649 569 713 648 τοὶς
734 573 884 661 πλευράς
906 577 1105 660 ἐπικαιρίοις
1126 602 1184 642 so·

106 694 188 761 μοῖς
219 675 516 768 α’ναρρηττόνεων
545 684 598 748 και
625 675 803 754 θανατους
830 675 916 757 ὀξεῖς
943 675 1183 769 ἐπιφερόντων

107 789 252 872 Apparet
280 790 456 872 capitum
447 810 480 854 m
505 791 620 856 terram
649 767 827 855 cadentium
850 789 999 854 mentioni
1024 791 1107 855 recte
1129 789 1190 854 ad·

107 893 192 978 iungi
214 895 344 978 primos
371 896 441 962 illos
464 896 621 982 genetivos
642 896 815 971 absolutos
848 893 957 976 quibus
985 895 1184 978 significatur,

108 1001 189 1083 quali
206 1000 335 1066 habitu
357 1002 522 1067 ceciderint
551 994 824 1088 (βλεπόνεαν-
847 1000 1183 1084 διαφυλατεομέννς)

108 1106 160 1171 sed
188 1107 436 1189 perversissime
468 1108 771 1186 ceterat(t‘dto1oo
771 1133 826 1171 κ.
849 1133 877 1171 τ
881 1108 961 1184 mi)
991 1124 1059 1187 qua
1087 1105 1184 1186 perti-

108 1215 182 1277 nsnt
203 1212 251 1276 ad
273 1212 434 1278 variorum
454 1215 614 1280 vulnerum
641 1215 904 1293 enumerationem
935 1210 1215 1288 continuandam

109 1337 177 1382 rum
198 1319 426 1401 praescrtim
401 1339 445 1384 src
458 1321 624 1385 vulnerum
638 1320 758 1384 effectio
778 1312 945 1384 transferat
944 1337 981 1381 ur
994 1330 1024 1382 a
1045 1317 1183 1382 curribus

108 1424 145 1489 ad
166 1424 367 1508 quosdam
388 1423 457 1489 illos
473 1423 611 1491 homines
633 1425 746 1503 (ἐνίων
768 1425 864 1490 δὲ-
824 1406 1182 1508 -οἷναρρηιπόντων),

109 1531 159 1613 qui
196 1529 410 1597 manifesto
400 1531 462 1614 rpsi
494 1550 529 1595 cr
555 1532 665 1597 misero
696 1531 859 1597 tmcidatis
891 1532 971 1596 sunt.
1029 1530 1183 1595 Diodorus

109 1638 310 1720 superiorem
326 1637 523 1702 enumerandi
538 1637 667 1703 formam
680 1657 735 1720 por
755 1638 921 1702 infinitiuos
944 1638 982 1704 ab
1004 1633 1088 1702 ὥστε
1108 1657 1184 1720 peu·

109 1741 220 1807 dentes
245 1742 428 1825 reliquerat·
442 1743 630 1826 interpositis
657 1743 810 1828 genetiuis
832 1745 913 1822 illis,
942 1743 1052 1809 deinde
1078 1744 1182 1807 autem

110 1851 192 1913 roca
232 1848 377 1912 oratione
413 1847 592 1914 addiderat:
640 1849 739 1915 ἐνίων
781 1850 816 1915 δὲ
853 1846 916 1922 τοῖς
952 1844 1103 1932 πλευροῖς
1135 1831 1182 1895 ’-

111 1947 329 2038 ἐνέρρηπτον
350 1958 481 2033 (currus)
503 1956 558 2021 ναὶ
577 1954 754 2029 θανάτους
769 1951 856 2032 ὀξεῖς
872 1959 1045 2048 ἐπέφερον.
1079 1953 1184 2019 Scriba

111 2060 244 2142 proximi
271 2060 408 2142 membri
437 2063 591 2128 structura
618 2065 650 2128 et
677 2064 817 2146 genetivo
840 2050 953 2127 ἐνίων
967 2060 1111 2143 deceptus
1133 2061 1183 2125 hic

112 2185 233 2250 quoquc
267 2167 498 2250 participiorum
528 2170 684 2252 genetiros
714 2169 817 2234 effecit
846 2169 951 2234 addito
975 2190 1043 2232 νων
1075 2167 1106 2230 et
1130 2165 1183 2230 de·

111 2276 207 2338 tracto
235 2272 407 2355 augmento
415 2262 450 2352 ¹⁸).
497 2274 610 2340 Latina
629 2277 854 2358 perpauca-ut
876 2275 947 2352 dixi,
970 2274 1107 2339 Liuianis
1131 2292 1183 2337 er·

112 2380 219 2462 amplis
247 2397 286 2442 ex
313 2378 382 2442 aliis
403 2380 599 2462 scriptoribus
621 2381 780 2445 addamus.
818 2370 922 2450 Cicero
951 2381 1046 2465 igitur
1070 2380 1107 2443 de
1135 2379 1183 2441 in-

113 2489 187 2550 ront
212 2486 246 2561 Ι,
271 2484 312 2543 91
338 2484 382 2548 sic
402 2490 556 2567 posuerat:
600 2487 744 2567 Quodsi
770 2506 843 2551 nou
869 2487 905 2550 P.
936 2487 1065 2568 Scipio
1094 2485 1184 2550 Cor-

114 2594 256 2657 neliam
288 2590 423 2655 filiam
451 2592 701 2658 stomacho
727 2594 967 2658 collocasset
994 2593 1107 2674 atque
1141 2612 1184 2656 er

114 2718 151 2761 ra
171 2699 273 2762 duos
298 2695 498 2762 Gracchus
525 2700 795 2780 procreasset,
826 2698 941 2762 tantae
969 2699 1184 2763 seditiones

115 2808 207 2868 natae
252 2820 338 2867 non
380 2804 516 2866 essent.
575 2805 733 2870 Librarius
766 2805 891 2887 propter
930 2803 1025 2869 duos
1063 2803 1186 2887 scripsit

115 2910 341 2983 Gracchos,
375 2909 407 2970 et
426 2908 470 2971 sic
491 2909 604 2987 editur,
642 2929 700 2992 quo
727 2911 763 2973 fit
787 2910 938 2991 primum,
971 2913 1006 2973 ut
1026 2910 1061 2973 P.
1085 2909 1186 2989 Scipio

115 3018 171 3099 ipss
189 3018 271 3081 duos
290 3014 448 3079 Gracchos
470 3033 505 3078 ex
526 3015 589 3080 filia
611 3035 788 3099 procreasse
810 3016 929 3081 dicatur
956 3021 1040 3092 (nam
1065 3034 1103 3078 ne
1125 3013 1190 3076 mie

116 3124 191 3187 nima
214 3120 352 3206 quidem
375 3121 423 3184 est
443 3121 623 3205 significatio
653 3123 784 3187 subiecti
809 3123 841 3186 in
869 3123 971 3188 verbis
992 3141 1047 3204 per
1069 3123 1185 3200 atque

121 3320 320 3332 -.-.—-‘-—·

137 3448 162 3507 ¹)
179 3442 265 3496 Nunc
275 3436 452 3493 Dindorfium
462 3437 633 3507 iupostrema
643 3439 761 3494 editione
773 3437 945 3509 (1867)video
959 3430 1185 3499 ἅναρρήτεεσθαι

177 3542 207 3589 et
232 3529 431 3599 ἐπιφέρεσθαι
459 3531 594 3602 posuisse.
625 3534 659 3586 ut
686 3533 844 3602 simpliciter
871 3527 990 3598 superior
1021 3520 1186 3576 constructio

177 3627 372 3683 continuetur.
408 3624 461 3679 Sed
480 3626 510 3678 et
528 3626 641 3680 mutatio
665 3625 746 3696 longe
769 3622 911 3679 violentior
934 3621 989 3680 cst,
1014 3631 1062 3669 nec
1086 3614 1120 3668 ab
1138 3613 1188 3668 illa

176 3722 268 3777 forma
288 3718 382 3773 scriba
398 3720 455 3773 tam
473 3717 555 3773 facile
572 3719 729 3775 aberrasset.
765 3717 805 3770 Ex
824 3713 916 3769 eadem
934 3704 1187 3761 accommodationis

178 3816 278 3886 specie.
299 3830 384 3882 quam
401 3814 431 3867 in
452 3806 595 3867 Strabonis
622 3813 650 3864 st
666 3810 779 3864 Diodori
802 3807 868 3861 locis
892 3799 1009 3864 ostendi,
1034 3798 1105 3868 apud
1124 3799 1188 3853 Pla·

178 3914 274 3964 tonem
294 3906 330 3963 de
347 3924 401 3977 rep.
424 3906 465 3961 IX
485 3922 513 3974 p.
529 3905 577 3958 591
596 3904 620 3956 D
642 3906 735 3957 natum
754 3903 795 3955 est
814 3900 946 3967 φαίνηται
966 3897 1075 3964 propter
1092 3909 1189 3962 prace-

180 4003 248 4058 dens
280 4004 375 4074 μέλλῃ.
420 4001 528 4069 'Itequc
558 3995 644 4051 tencui
672 3995 766 4050 debuit
795 3990 950 4044 restitutum
978 4004 1009 4042 cx
1042 3985 1190 4041 Iamblicho

184 4103 322 4163 φανεῖται,
341 4113 396 4152 non
416 4088 549 4149 damnari
566 4090 685 4144 verbum.
