2580 4530
555 263 650 319 crea
1059 265 1099 331 25

42 459 157 525 filios
198 460 453 537 sustuleris,
499 462 647 544 poteris
676 463 821 528 habere
855 462 1065 542 formosos,-
1104 464 1142 528 et

43 566 250 631 deformes
283 565 459 649 poteris;
494 567 663 633 fortasse
690 568 1032 635 mutinascontur.
1078 569 1139 635 Pro

45 672 142 737 muti
174 672 398 737 substitutum
432 673 566 751 multi,
599 675 680 758 quod
712 694 784 740 cum
820 674 892 739 ferri
923 692 984 738 non
1021 677 1136 756 posset,

48 778 184 843 editores
207 776 299 843 varie
329 777 438 843 locum
465 779 691 862 interpolarent
700 780 737 863 ¹).
781 778 900 845 Gellius
915 779 1004 857 XII,
1031 780 1069 858 2,
1105 780 1141 841 14

48 883 174 949 ὃοπεοω
214 884 349 949 dicendi
381 904 483 968 genus
513 885 762 968 reprehendens,
804 885 1139 964 adolescentium,

52 991 167 1074 iuquit,
196 990 385 1055 indolem
414 1010 489 1056 uon
516 991 594 1057 tam
620 992 772 1068 iuvant,
803 1010 882 1073 quae
910 993 1005 1057 bene
1034 992 1140 1057 dicta

52 1102 157 1173 eunt,
182 1115 308 1180 quam
330 1096 540 1175 inficiunt,
570 1117 648 1180 quae
673 1099 917 1163 seuerissime.
965 1097 1140 1163 Substituto

54 1203 285 1285 saepissime
317 1203 411 1285 periit
432 1204 603 1282 sententia,
635 1204 730 1287 periit
751 1205 974 1270 contrariorum
996 1206 1070 1286 apta
1089 1204 1139 1281 in·

54 1316 99 1373 ter
119 1327 154 1373 se
178 1308 305 1373 relatio.
350 1309 443 1377 Alius
474 1329 553 1391 qnae
584 1302 680 1375 male
703 1311 847 1387 dixisset3
891 1310 1010 1377 Gellius
1040 1298 1139 1392 neqire

56 1422 118 1479 tam
145 1413 225 1479 miti
249 1416 286 1478 et
312 1414 450 1498 simplici
477 1415 570 1480 verbo
598 1426 697 1498 neque
725 1416 855 1499 positivo
882 1417 1045 1481 contentus
1070 1416 1139 1482 fuit.

58 1522 145 1606 Apud
180 1520 354 1599 Ovidium,
389 1522 425 1585 ut
457 1516 561 1585 Latini
593 1540 713 1604 quoque
751 1524 850 1604 poerae
883 1523 1022 1603 exemplo
1058 1522 1139 1597 utar,

59 1628 272 1710 metamorph.
294 1627 362 1703 lv,
375 1625 434 1689 139
457 1644 526 1708 sqq.
543 1625 580 1690 de
602 1627 715 1692 Thisbe
737 1628 904 1712 Pyramum
926 1627 1051 1710 lugente
1072 1626 1139 1691 haec

59 1734 222 1819 leguntur:

137 1843 183 1907 llt
213 1839 336 1905 laniata
357 1856 461 1903 comas
484 1837 682 1920 amplexaque
704 1857 813 1920 corpus
835 1839 975 1903 amatum
1097 1902 1100 1907 .

137 1947 289 2011 Vulnera
309 1944 468 2025 supplevit
490 1942 625 2009 lacrimis
646 1944 816 2027 fletumque
837 1962 942 2008 cruore

138 2051 286 2117 Miscuit.
526 2110 529 2115 ,
870 2100 874 2105 .

63 2159 137 2239 Quid
160 2159 209 2223 sit
235 2155 366 2220 vulnera
395 2155 583 2237 supplere
609 2156 762 2234 lacrimis,
791 2173 886 2220 nemo.
913 2148 1139 2233 dixit'dicetve,

65 2278 92 2330 ut
112 2262 263 2346 intellegi
286 2261 401 2342 possit;
423 2280 498 2326 uam
513 2261 593 2343 quod
604 2261 758 2346 (lierigius
773 2263 856 2327 idem
872 2260 948 2327 dicit
965 2280 1032 2326 esse
1047 2263 1139 2345 atque

65 2372 199 2436 fletum
236 2387 374 2432 cruore
401 2367 578 2442 miscere,
609 2387 645 2432 ea
671 2388 730 2433 non
759 2368 910 2433 enarratio
933 2367 1024 2451 esu).
1065 2366 1139 2432 Ovi·

66 2478 124 2543 dius
146 2476 323 2558 scripserat
341 2472 521 2537 sublevit
543 2475 661 2558 (lavit),
689 2475 745 2540 hoc
769 2476 832 2552 est,
856 2475 937 2556 quod
958 2475 1053 2550 Xlll,
1077 2474 1139 2535 490

67 2586 178 2662 dieitur,
203 2579 398 2648 lacrimas
420 2579 461 2641 in
484 2579 650 2645 vulnera
670 2581 784 2646 fudit.
1117 2564 1119 2568 Α

139 2693 190 2756 De
215 2686 450 2771 permutatione
472 2685 630 2765 similium,
654 2707 722 2770 quae
744 2688 776 2750 in
798 2688 925 2768 utroque
948 2704 1085 2751 sermone
1108 2686 1141 2749 in

69 2798 149 2861 ··ζηίε
190 2792 387 2878 quibusdam
420 2791 546 2857 vocibus
581 2793 630 2876 (ut
663 2788 814 2869 κλεινός,
853 2786 980 2869 κοινός,
1016 2785 1143 2867 καινός,

70 2898 171 2969 πάλιν.
189 2895 319 2974 πάλαι,
337 2890 452 2973 πόλιν,
465 2918 597 2981 quaeso,
615 2900 853 2983 quasiutile,
875 2899 962 2975 vile,
984 2897 1143 2971 subtile,

71 3020 125 3077 st.
155 3007 365 3087 maximeque
387 3005 419 3068 in
440 3005 616 3086 particulis,
646 3009 681 3071 ut
708 3002 767 3083 ἄν,
803 2997 862 3084 αὖ,
892 3001 949 3083 οἷς,
979 3014 1054 3081 ἕως,
1087 3004 1141 3066 καὶ

70 3112 113 3182 al.
140 3110 250 3181 κατά.
290 3112 347 3188 ut,
387 3113 437 3189 et,
475 3111 569 3177 etiam
590 3111 622 3176 in
646 3116 697 3191 et,
721 3113 768 3196 ei)
802 3113 1026 3196 amplissimam
1050 3108 1144 3172 habet

71 3224 223 3289 nuteriam
245 3223 284 3284 et
307 3217 495 3303 quibusdam
521 3238 615 3301 prope
643 3219 757 3284 infesta
782 3220 830 3285 est
852 3221 901 3301 (ut
923 3211 1143 3301 ἀμωσγέπως,

71 3328 172 3413 irre),
207 3327 295 3393 satis
319 3324 441 3389 dictum
463 3323 538 3401 erit,
572 3325 599 3390 si
620 3325 844 3402 addiderimus,
879 3324 973 3388 etiarn
994 3319 1144 3385 termina-

72 3438 152 3505 icnes
175 3432 345 3523 quasdam
369 3449 437 3494 esse
459 3432 639 3519 verborum,
661 3450 745 3514 quae,
768 3432 920 3513 quianon
942 3427 1031 3492 valde
1054 3424 1145 3491 dissi-

21 3700 25 3749 !
90 3710 106 3757 ¹¹
123 3709 242 3765 lintis
268 3718 323 3775 pro
352 3698 475 3754 multis
500 3702 571 3752 recte
595 3698 726 3755 Gruterus
751 3697 872 3753 restituit
896 3694 924 3748 in
946 3693 1016 3748 libro
1040 3693 1073 3749 de
1097 3695 1146 3747 vit.

242 3842 251 3867 ,
274 3801 303 3855 3.

85 3905 103 3973 'l
120 3804 242 3972 3:311:
263 3899 399 3959 tumidus
419 3897 504 3966 poeta
520 3898 550 3948 et
566 3896 656 3963 omniu
671 3894 785 3949 ridicule
805 3906 979 3962 exaggerans,
997 3891 1083 3947 Theb.
1096 3890 1148 3951 ΙΙΙ,

119 4010 171 4063 130
190 4002 356 4056 vulnera
375 3990 455 4045 elta
473 3986 629 4043 lacrimis
651 3987 788 4057 replete
804 3985 899 4050 habet,
918 3985 966 4039 sed
983 3980 1148 4054 lougealiud

119 4103 188 4153 esset
207 4088 415 4165 suppleta,
435 4084 470 4136 ut
488 4079 603 4136 lacrima
621 4097 670 4151 pro
688 4077 846 4134 vulneribus
864 4080 963 4132 esseut.
