2580 4530
579 267 639 326 Lib.
657 270 710 328 ΠΙ.
1073 272 1133 338 368

116 468 275 534 τιλείστου
286 468 474 555 προορῷεν,
498 470 609 542 εἴτις
626 469 792 554 προσίοι
809 476 877 553 (pre
888 477 1025 553 προΐοι)·
1043 464 1174 558 νύκτωρ

116 567 140 639 δ’
160 565 323 659 ἐνόμισεν
348 569 419 640 ent
444 575 609 657 Σκιριτῶν
631 569 944 661 προφυλάττεσθαι.
987 578 1087 664 Vulgo
1109 581 1175 644 est:

114 681 297 767 σροορῷεν.
346 683 394 748 Εἰ
409 681 445 747 δι’
458 706 510 754 τις
532 687 646 764 προΐοι
667 675 800 765 νύκτωρ
823 687 881 758 ἔξω
902 684 965 768 τῆς
987 681 1175 774 φάλαγγος,

113 781 271 874 ἐνόμισεν
294 812 322 852 κ.
344 812 374 853 τ.
396 790 426 854 λ.
486 789 589 855 Verba
622 793 681 865 ἔξω
711 790 772 876 τῆς
796 784 971 877 φάλαγγος
998 792 1103 858 addite
1134 793 1176 858 ab

112 895 329 979 interpolatore
353 896 439 973 sunt,
476 896 528 978 qui
561 915 621 961 nen
652 897 844 963 intellexerat
876 897 1079 981 superioribus
1110 899 1174 965 illis

112 995 197 1087 ιιρύς
217 994 261 1066 τά
286 995 439 1066 incia*
405 1025 482 1065 εισυ
512 996 711 1085 βλεπούσας
738 1003 958 1087 respondere
948 1021 1011 1068 lam
1035 1030 1116 1078 τους
1139 1006 1174 1072 δ

112 1108 303 1194 τολεμίούς
334 1097 421 1171 et'
398 1132 468 1180 ατο
502 1108 571 1172 τῶν
603 1108 731 1193 χωρίων
756 1109 804 1174 niv
832 1132 862 1173 κ.
885 1133 914 1172 τ.
940 1111 969 1174 λ.
1012 1109 1113 1175 Noctu
1137 1131 1174 1178 ex

112 1215 221 1282 eastris
245 1212 328 1279 exire
349 1211 461 1303 aliquis
479 1215 617 1296 poterat,
641 1233 702 1281 nnn
725 1219 784 1290 ἔξω
809 1214 871 1298 τῆς
893 1207 1082 1302 φάλαγγας,
1107 1237 1173 1301 quae

111 1322 196 1386 nnlls
218 1320 269 1384 est
289 1318 351 1383 nisi
372 1320 437 1384 asie
460 1319 620 1400 instructa,
643 1340 698 1386 nee
712 1321 751 1385 ad
766 1323 858 1386 nsetn
874 1324 1017 1388 exeuntes
1038 1323 1174 1405 pertinet

111 1418 426 1513 προφυλάττεσθαι.

208 1533 257 1599 lle
287 1550 356 1620 rep.
377 1531 621 1599 Atheniensium
645 1535 671 1607 1,
697 1534 716 1596 5
737 1533 900 1616 senipsitne
927 1535 1026 1600 libelli
1047 1537 1173 1601 auctor:

111 1649 170 1704 ε”νι
194 1652 284 1712 νοῖς
305 1639 404 1717 (codd.
426 1639 544 1723 ἐνίοις)
567 1640 636 1704 τάν
658 1632 876 1722 άνθράπυνλ
908 1640 1173 1714 Nemausenses

110 1749 216 1835 epm
238 1764 301 1811 non
324 1748 382 1822 est,
402 1745 458 1814 sed
472 1745 526 1810 aut
539 1745 682 1810 universe
698 1758 770 1818 τοῖς
791 1740 995 1831 άνθράποις
1015 1749 1070 1813 aut
1094 1743 1173 1814 τού-

213 1876 287 1924 τοις
320 1845 523 1937 άνθριίιιοις
559 1852 718 1918 dicendum
752 1855 826 1918 erat
894 1852 1012 1918 Plurali
1046 1842 1174 1919 inmens

109 1862 330 2027 κουρείου
352 1978 426 2026 usus
448 1960 497 2025 est
518 1959 605 2025 Arist
606 1959 751 2043 ophanes.

213 2064 283 2131 Ibd.
305 2065 334 2138 2,
358 2068 385 2132 l.
428 2065 537 2132 Cetera
566 2065 620 2131 alii
641 2065 858 2141 emendarunt,
893 2051 1082 2148 reliquerunt
1103 2066 1172 2129 τοῖν

109 2170 143 2237 n
167 2162 359 2257 συμμάχων
375 2221 383 2238 .
401 2220 409 2236 .
424 2217 431 2233 .
448 2168 620 2257 κράτιστοί
641 2176 717 2251 εἰσι
741 2170 822 2255 qnod
842 2171 946 2254 inepte
969 2170 1172 2238 Athenienses

109 2276 259 2344 seeiornm
280 2279 432 2344 tributum
453 2278 617 2345 ferentium
638 2296 764 2343 numero
784 2276 925 2341 includit.
970 2276 1172 2343 scribendum

108 2384 243 2449 videtur.
267 2384 392 2450 τῶνδὲ
378 2382 665 2472 λουμμάχων.
693 2384 777 2448 καὶ
802 2377 887 2448 κατά
909 2383 977 2469 γῆν
1000 2396 1172 2467 κρατεῖν

109 2486 191 2555 οἶοί
213 2515 233 2554 τ
266 2516 366 2566 εισι,
404 2493 458 2557 καὶ
493 2491 668 2576 νομίζουσι
696 2484 735 2555 τά
765 2484 997 2556 ὁπλιτικόν
973 2504 1108 2574 αρκεῖν,
1141 2517 1169 2556 ει

108 2597 175 2660 τάν
203 2591 393 2684 συμμάχων
423 2599 610 2680 κρείττονες
637 2622 733 2663 ειοιν.
792 2597 909 2663 Saltem
940 2611 1076 2683 κρατεῖν
1102 2616 1171 2662 ver-

107 2701 179 2766 bnm
201 2702 291 2767 latet.

210 2808 281 2874 lbd.
303 2810 320 2894 ς
346 2811 384 2871 17
411 2811 509 2876 forma
536 2812 679 2876 orationis
712 2809 888 2874 huiusmodi
920 2809 995 2874 fuit:
1034 2804 1057 2894 ἠ
1090 2804 1169 2874 α’πό

108 2915 180 2979 τού
212 2914 315 2991 (codd.
351 2910 373 3000 ἦ
405 2912 461 3002 ύςά
494 2914 600 2996 ὅτου)-
621 2912 752 2983 άιίικεῐν
785 2914 959 3003 [αἰλοξία]
994 2915 1171 3000 νομίζεταί

108 3045 175 3087 nov
189 3020 261 3085 τών
275 3015 398 3107 ὀλίγων
413 3025 514 3107 (codd.
531 3020 660 3090 άιλικεῖν
677 3018 829 3108 ὀνόματα
847 3020 916 3090 άπό
936 3024 1004 3090 τῶν
1020 3017 1170 3108 ὀλίγων),

107 3135 139 3192 οἳ
160 3131 361 3196 συνέθεντο.
405 3132 479 3196 ΡΙοε
494 3133 634 3215 pnaestari
649 3131 764 3215 nequit,
787 3132 847 3195 nisi
868 3133 899 3195 et
920 3130 1022 3196 verbis
1045 3132 1077 3195 et
1099 3148 1170 3194 sen-

105 3237 202 3302 tentia
224 3237 373 3301 absonum
396 3257 472 3315 esse,
495 3239 574 3321 qnod
595 3257 691 3321 nuper
711 3257 727 3303 e
753 3236 972 3304 G.Hermenni
994 3235 1170 3301 eenieetnra

105 3345 222 3409 editum
244 3346 301 3409 est.

204 3449 311 3526 Ibd.3,
334 3449 404 3511 3ex
418 3448 482 3512 his:
501 3465 755 3535 χρηματιεῖται·
779 3446 841 3536 eyn*
865 3449 899 3515 ιλὲ
921 3438 1059 3517 τούτοις
1081 3439 1169 3529 ὅμο-

106 3547 287 3642 λογήσαιιί
313 3549 373 3631 σίν,
408 3555 440 3618 in
474 3555 583 3636 quibus
607 3557 718 3622 vitiosa
747 3560 795 3623 est
822 3556 928 3631 media
948 3552 1035 3619 verbi
1056 3551 1167 3633 forma,

104 3664 154 3727 fit:
177 3675 421 3748 χρηματιεῑ·
444 3661 510 3725 καί
534 3657 597 3747 ἐγω
622 3662 707 3727 iia.
729 3689 759 3728 τ.
784 3665 811 3728 λ.

205 3768 274 3833 Ibd.
297 3769 326 3846 3
350 3770 380 3834 9.
437 3768 603 3833 Manifesto
572 3767 769 3833 tvitiosum
790 3770 929 3890 ριένίμὲ
934 3789 954 3830 ν
978 3764 1078 3841 εἶναι)
1099 3763 1169 3846 pest

106 3876 349 3961 δημοκρατίαν
380 3876 492 3943 Scriba
509 3873 591 3940 ὥστε
606 3869 912 3960 μέντοιύπάρχειν,
935 3868 1168 3955 δημοκρατίαν

104 3988 272 4065 μένειν,
300 3978 493 4067 άρκούνταις
515 3981 578 4067 [δὲ]
600 4007 701 4047 τουτο
725 3976 917 4063 ἐξευρεῖν,
907 4001 1001 4049 οπως
1024 3972 1065 4061 δη
1086 3975 1167 4060 βίλ-
