<?xml version="1.0" encoding="UTF-8"?>
<!DOCTYPE html PUBLIC "-//W3C//DTD XHTML 1.0 Transitional//EN"
    "http://www.w3.org/TR/xhtml1/DTD/xhtml1-transitional.dtd">
<html xmlns="http://www.w3.org/1999/xhtml" xml:lang="en" lang="en">
 <head>
  <title>
</title>
<meta http-equiv="Content-Type" content="text/html;charset=utf-8" />
  <meta name='ocr-system' content='tesseract 3.04.00' />
  <meta name='ocr-capabilities' content='ocr_page ocr_carea ocr_par ocr_line ocrx_word'/>
</head>
<body>
  <div class='ocr_page' id='page_1' title='image "./adversariacriti00madvgoog_0169.png"; bbox 0 0 2580 4530; ppageno 0'>
   <div class='ocr_carea' id='block_1_1' title="bbox 219 287 756 357">
    <p class='ocr_par' dir='ltr' id='par_1_1' title="bbox 219 287 756 357">
     <span class='ocr_line' id='line_1_1' title="bbox 219 287 756 357; baseline 0.002 -15"><span class='ocrx_word' id='word_1_1' title='bbox 219 289 279 357; x_wconf 73' lang='lat'><strong>150</strong></span> <span class='ocrx_word' id='word_1_2' title='bbox 655 287 714 344; x_wconf 79' lang='lat' dir='ltr'><strong>nro.</strong></span> <span class='ocrx_word' id='word_1_3' title='bbox 733 288 756 343; x_wconf 89' lang='lat'><strong>1.</strong></span> 
     </span>
    </p>
   </div>
   <div class='ocr_carea' id='block_1_2' title="bbox 142 472 1241 3959">
    <p class='ocr_par' dir='ltr' id='par_1_2' title="bbox 176 472 1235 684">
     <span class='ocr_line' id='line_1_2' title="bbox 176 472 1235 573; baseline -0.004 -19"><span class='ocrx_word' id='word_1_4' title='bbox 176 489 274 555; x_wconf 86' lang='lat' dir='ltr'><strong>video.</strong></span> <span class='ocrx_word' id='word_1_5' title='bbox 318 489 485 573; x_wconf 77' lang='lat' dir='ltr'><strong>Nugae&#39;bae</strong></span> <span class='ocrx_word' id='word_1_6' title='bbox 508 506 599 553; x_wconf 83' lang='lat' dir='ltr'><strong>merae</strong></span> <span class='ocrx_word' id='word_1_7' title='bbox 622 489 694 552; x_wconf 89' lang='lat' dir='ltr'><strong>sunt</strong></span> <span class='ocrx_word' id='word_1_8' title='bbox 716 472 753 550; x_wconf 89' lang='lat' dir='ltr'><strong>de</strong></span> <span class='ocrx_word' id='word_1_9' title='bbox 775 506 847 572; x_wconf 85' lang='lat' dir='ltr'><strong>agro</strong></span> <span class='ocrx_word' id='word_1_10' title='bbox 869 489 1001 553; x_wconf 87' lang='lat' dir='ltr'><strong>Lucano.</strong></span> <span class='ocrx_word' id='word_1_11' title='bbox 1047 486 1165 551; x_wconf 77' lang='lat' dir='ltr'><strong>Statius</strong></span> <span class='ocrx_word' id='word_1_12' title='bbox 1184 485 1235 550; x_wconf 89' lang='lat' dir='ltr'><strong>hic</strong></span> 
     </span>
     <span class='ocr_line' id='line_1_3' title="bbox 176 593 977 684; baseline -0.009 -23"><span class='ocrx_word' id='word_1_13' title='bbox 176 614 295 684; x_wconf 77' lang='lat' dir='ltr'><strong>quoque</strong></span> <span class='ocrx_word' id='word_1_14' title='bbox 315 596 429 660; x_wconf 89' lang='lat' dir='ltr'><strong>flumen</strong></span> <span class='ocrx_word' id='word_1_15' title='bbox 452 594 534 678; x_wconf 86' lang='lat' dir='ltr'><strong>agris</strong></span> <span class='ocrx_word' id='word_1_16' title='bbox 554 593 725 658; x_wconf 88' lang='lat' dir='ltr'><strong>timendum</strong></span> <span class='ocrx_word' id='word_1_17' title='bbox 748 594 977 658; x_wconf 78' lang='lat' dir='ltr'><strong>nominaverat:</strong></span> 
     </span>
    </p>

    <p class='ocr_par' dir='ltr' id='par_1_3' title="bbox 176 698 1237 1187">
     <span class='ocr_line' id='line_1_4' title="bbox 277 698 1235 784; baseline -0.004 -19"><span class='ocrx_word' id='word_1_18' title='bbox 277 700 348 766; x_wconf 83' lang='lat' dir='ltr'><strong>Seu</strong></span> <span class='ocrx_word' id='word_1_19' title='bbox 369 701 546 766; x_wconf 87' lang='lat' dir='ltr'><strong>Lucanus</strong></span> <span class='ocrx_word' id='word_1_20' title='bbox 568 699 645 765; x_wconf 84' lang='lat' dir='ltr'><strong>Acir</strong></span> <span class='ocrx_word' id='word_1_21' title='bbox 665 702 733 764; x_wconf 83' lang='lat' dir='ltr'><strong>&#39;seu</strong></span> <span class='ocrx_word' id='word_1_22' title='bbox 756 699 966 784; x_wconf 73' lang='lat' dir='ltr'><strong>Thybridis</strong></span> <span class='ocrx_word' id='word_1_23' title='bbox 985 698 1155 780; x_wconf 87' lang='lat' dir='ltr'><strong>impetus</strong></span> <span class='ocrx_word' id='word_1_24' title='bbox 1178 699 1235 762; x_wconf 89' lang='lat' dir='ltr'><strong>cet.</strong></span> 
     </span>
     <span class='ocr_line' id='line_1_5' title="bbox 176 803 1234 886; baseline -0.003 -15"><span class='ocrx_word' id='word_1_25' title='bbox 176 806 293 872; x_wconf 83' lang='lat' dir='ltr'><strong>Acirim</strong></span> <span class='ocrx_word' id='word_1_26' title='bbox 303 807 446 872; x_wconf 86' lang='lat' dir='ltr'><strong>Lucaniae</strong></span> <span class='ocrx_word' id='word_1_27' title='bbox 467 806 595 871; x_wconf 87' lang='lat' dir='ltr'><strong>fluvium</strong></span> <span class='ocrx_word' id='word_1_28' title='bbox 617 805 698 870; x_wconf 89' lang='lat' dir='ltr'><strong>inter</strong></span> <span class='ocrx_word' id='word_1_29' title='bbox 717 805 809 870; x_wconf 84' lang='lat' dir='ltr'><strong>Sirim</strong></span> <span class='ocrx_word' id='word_1_30' title='bbox 832 809 863 870; x_wconf 90' lang='lat' dir='ltr'><strong>et</strong></span> <span class='ocrx_word' id='word_1_31' title='bbox 884 805 1100 886; x_wconf 75' lang='lat' dir='ltr'>Metapontum</span> <span class='ocrx_word' id='word_1_32' title='bbox 1123 803 1234 868; x_wconf 85' lang='lat' dir='ltr'><strong>Strabo</strong></span> 
     </span>
     <span class='ocr_line' id='line_1_6' title="bbox 176 906 1236 990; baseline -0.002 -13"><span class='ocrx_word' id='word_1_33' title='bbox 176 913 210 978; x_wconf 90' lang='lat' dir='ltr'><strong>et</strong></span> <span class='ocrx_word' id='word_1_34' title='bbox 223 913 355 977; x_wconf 86' lang='lat' dir='ltr'><strong>·Plinius</strong></span> <span class='ocrx_word' id='word_1_35' title='bbox 387 912 565 990; x_wconf 90' lang='lat' dir='ltr'><strong>nominant;</strong></span> <span class='ocrx_word' id='word_1_36' title='bbox 604 917 674 976; x_wconf 89' lang='lat' dir='ltr'><strong>eum</strong></span> <span class='ocrx_word' id='word_1_37' title='bbox 701 910 833 988; x_wconf 76' lang='lat' dir='ltr'><strong>Statius,</strong></span> <span class='ocrx_word' id='word_1_38' title='bbox 869 906 991 977; x_wconf 87' lang='lat' dir='ltr'><strong>omissa</strong></span> <span class='ocrx_word' id='word_1_39' title='bbox 1017 911 1236 976; x_wconf 74' lang='lat' dir='ltr'><strong>terminatione</strong></span> 
     </span>
     <span class='ocr_line' id='line_1_7' title="bbox 178 1016 1237 1100; baseline -0.002 -17"><span class='ocrx_word' id='word_1_40' title='bbox 178 1017 285 1084; x_wconf 85' lang='lat' dir='ltr'><strong>Graeca</strong></span> <span class='ocrx_word' id='word_1_41' title='bbox 306 1019 369 1083; x_wconf 82' lang='lat' dir='ltr'><strong>siue</strong></span> <span class='ocrx_word' id='word_1_42' title='bbox 389 1019 544 1082; x_wconf 91' lang='lat' dir='ltr'><strong>malumus</strong></span> <span class='ocrx_word' id='word_1_43' title='bbox 565 1016 691 1094; x_wconf 84' lang='lat' dir='ltr'><strong>Latina,</strong></span> <span class='ocrx_word' id='word_1_44' title='bbox 716 1016 836 1100; x_wconf 82' lang='lat' dir='ltr'><strong>uulgari</strong></span> <span class='ocrx_word' id='word_1_45' title='bbox 862 1017 959 1081; x_wconf 90' lang='lat' dir='ltr'><strong>forma</strong></span> <span class='ocrx_word' id='word_1_46' title='bbox 973 1017 1153 1100; x_wconf 88' lang='lat' dir='ltr'><strong>&#39;appellavit</strong></span> <span class='ocrx_word' id='word_1_47' title='bbox 1182 1018 1237 1081; x_wconf 89' lang='lat' dir='ltr'><strong>aut</strong></span> 
     </span>
     <span class='ocr_line' id='line_1_8' title="bbox 177 1122 415 1187; baseline 0.004 -2"><span class='ocrx_word' id='word_1_48' title='bbox 177 1122 286 1187; x_wconf 86' lang='lat' dir='ltr'><strong>Acris</strong></span> <span class='ocrx_word' id='word_1_49' title='bbox 308 1123 415 1187; x_wconf 76' lang='lat' dir='ltr'><strong>fecit..</strong></span> 
     </span>
    </p>

    <p class='ocr_par' dir='ltr' id='par_1_4' title="bbox 142 1211 1241 3008">
     <span class='ocr_line' id='line_1_9' title="bbox 277 1211 1237 1312; baseline 0.001 -20"><span class='ocrx_word' id='word_1_50' title='bbox 277 1229 348 1293; x_wconf 77' lang='lat' dir='ltr'><strong>um</strong></span> <span class='ocrx_word' id='word_1_51' title='bbox 368 1247 468 1311; x_wconf 75' lang='lat' dir='ltr'><strong>supra,</strong></span> <span class='ocrx_word' id='word_1_52' title='bbox 491 1230 550 1292; x_wconf 75' lang='lat' dir='ltr'><strong>arsi</strong></span> <span class='ocrx_word' id='word_1_53' title='bbox 571 1225 810 1290; x_wconf 72' lang='lat' dir='ltr'><strong>maurannus</strong></span> <span class='ocrx_word' id='word_1_54' title='bbox 833 1211 1082 1309; x_wconf 81' lang='lat' dir='ltr'><strong>pronominibus</strong></span> <span class='ocrx_word' id='word_1_55' title='bbox 1104 1228 1237 1312; x_wconf 75' lang='lat' dir='ltr'><strong>proprus</strong></span> 
     </span>
     <span class='ocr_line' id='line_1_10' title="bbox 178 1333 1237 1425; baseline -0.001 -26"><span class='ocrx_word' id='word_1_56' title='bbox 178 1335 363 1416; x_wconf 85' lang='lat' dir='ltr'><strong>appellativa</strong></span> <span class='ocrx_word' id='word_1_57' title='bbox 382 1334 620 1406; x_wconf 79' lang='lat' dir='ltr'><strong>substituantur,</strong></span> <span class='ocrx_word' id='word_1_58' title='bbox 643 1333 711 1425; x_wconf 65' lang='lat' dir='ltr'><strong>hoo</strong></span> <span class='ocrx_word' id='word_1_59' title='bbox 722 1334 785 1406; x_wconf 87' lang='lat' dir='ltr'><strong>est,</strong></span> <span class='ocrx_word' id='word_1_60' title='bbox 813 1352 868 1416; x_wconf 92' lang='lat' dir='ltr'><strong>pro</strong></span> <span class='ocrx_word' id='word_1_61' title='bbox 892 1333 994 1398; x_wconf 88' lang='lat' dir='ltr'><strong>minus</strong></span> <span class='ocrx_word' id='word_1_62' title='bbox 1018 1335 1105 1398; x_wconf 79' lang='lat' dir='ltr'><strong>notis&#39;</strong></span> <span class='ocrx_word' id='word_1_63' title='bbox 1123 1335 1155 1398; x_wconf 92' lang='lat' dir='ltr'><strong>et</strong></span> <span class='ocrx_word' id='word_1_64' title='bbox 1172 1350 1237 1398; x_wconf 83' lang='lat' dir='ltr'><strong>son</strong></span> 
     </span>
     <span class='ocr_line' id='line_1_11' title="bbox 142 1426 1237 1521; baseline -0.001 -18"><span class='ocrx_word' id='word_1_65' title='bbox 142 1494 148 1521; x_wconf 41' lang='lat'><em>2</em></span> <span class='ocrx_word' id='word_1_66' title='bbox 179 1426 560 1521; x_wconf 72' lang='lat' dir='ltr'><strong>exspectaus&#39;eommunia</strong></span> <span class='ocrx_word' id='word_1_67' title='bbox 587 1439 618 1504; x_wconf 91' lang='lat' dir='ltr'><strong>et</strong></span> <span class='ocrx_word' id='word_1_68' title='bbox 643 1439 733 1515; x_wconf 74' lang='lat' dir='ltr'><strong>trita,</strong></span> <span class='ocrx_word' id='word_1_69' title='bbox 766 1457 859 1520; x_wconf 89' lang='lat' dir='ltr'><strong>quam</strong></span> <span class='ocrx_word' id='word_1_70' title='bbox 881 1432 1003 1517; x_wconf 86' lang='lat' dir='ltr'><strong>contra,</strong></span> <span class='ocrx_word' id='word_1_71' title='bbox 1023 1459 1099 1504; x_wconf 89' lang='lat' dir='ltr'><strong>esse</strong></span> <span class='ocrx_word' id='word_1_72' title='bbox 1121 1442 1237 1515; x_wconf 87' lang='lat' dir='ltr'><strong>tamen,</strong></span> 
     </span>
     <span class='ocr_line' id='line_1_12' title="bbox 178 1544 1237 1629; baseline 0 -19"><span class='ocrx_word' id='word_1_73' title='bbox 178 1546 231 1610; x_wconf 90' lang='lat' dir='ltr'><strong>ubi</strong></span> <span class='ocrx_word' id='word_1_74' title='bbox 250 1546 282 1613; x_wconf 88' lang='lat' dir='ltr'><strong>in</strong></span> <span class='ocrx_word' id='word_1_75' title='bbox 304 1546 556 1629; x_wconf 84' lang='lat' dir='ltr'><strong>appellativorum</strong></span> <span class='ocrx_word' id='word_1_76' title='bbox 581 1545 682 1610; x_wconf 86' lang='lat' dir='ltr'><strong>locum</strong></span> <span class='ocrx_word' id='word_1_77' title='bbox 710 1562 808 1609; x_wconf 91' lang='lat' dir='ltr'><strong>errore</strong></span> <span class='ocrx_word' id='word_1_78' title='bbox 836 1544 1023 1626; x_wconf 87' lang='lat' dir='ltr'><strong>subrepserit</strong></span> <span class='ocrx_word' id='word_1_79' title='bbox 1048 1545 1237 1628; x_wconf 90' lang='lat' dir='ltr'><strong>propriorum</strong></span> 
     </span>
     <span class='ocr_line' id='line_1_13' title="bbox 163 1650 1238 1734; baseline 0 -18"><span class='ocrx_word' id='word_1_80' title='bbox 163 1652 305 1734; x_wconf 79' lang='lat' dir='ltr'><strong>speeies.</strong></span> <span class='ocrx_word' id='word_1_81' title='bbox 347 1652 392 1715; x_wconf 80' lang='lat' dir='ltr'><strong>Id·</strong></span> <span class='ocrx_word' id='word_1_82' title='bbox 411 1651 549 1733; x_wconf 87' lang='lat' dir='ltr'><strong>suspicor</strong></span> <span class='ocrx_word' id='word_1_83' title='bbox 576 1651 723 1715; x_wconf 88' lang='lat' dir='ltr'><strong>accidisse</strong></span> <span class='ocrx_word' id='word_1_84' title='bbox 747 1651 779 1713; x_wconf 93' lang='lat' dir='ltr'><strong>in</strong></span> <span class='ocrx_word' id='word_1_85' title='bbox 802 1650 896 1728; x_wconf 85' lang='lat' dir='ltr'><strong>(XLI)</strong></span> <span class='ocrx_word' id='word_1_86' title='bbox 919 1650 1078 1715; x_wconf 89' lang='lat' dir='ltr'><strong>Plutarchi</strong></span> <span class='ocrx_word' id='word_1_87' title='bbox 1099 1651 1238 1732; x_wconf 73' lang='lat' dir='ltr'><strong>Aristide</strong></span> 
     </span>
     <span class='ocr_line' id='line_1_14' title="bbox 179 1749 1240 1842; baseline 0 -20"><span class='ocrx_word' id='word_1_88' title='bbox 179 1775 205 1824; x_wconf 90' lang='lat' dir='ltr'><strong>c.</strong></span> <span class='ocrx_word' id='word_1_89' title='bbox 228 1758 277 1832; x_wconf 75' lang='lat'><strong>25,</strong></span> <span class='ocrx_word' id='word_1_90' title='bbox 299 1758 352 1823; x_wconf 89' lang='lat' dir='ltr'><strong>ubi</strong></span> <span class='ocrx_word' id='word_1_91' title='bbox 373 1757 488 1822; x_wconf 85' lang='lat' dir='ltr'><strong>editur:</strong></span> <span class='ocrx_word' id='word_1_92' title='bbox 521 1759 592 1822; x_wconf 85' lang='grc' dir='ltr'><strong>Καὶ</strong></span> <span class='ocrx_word' id='word_1_93' title='bbox 614 1751 678 1842; x_wconf 72' lang='lat' dir='ltr'><strong>yolo</strong></span> <span class='ocrx_word' id='word_1_94' title='bbox 707 1751 747 1820; x_wconf 77' lang='lat' dir='ltr'><strong>ad</strong></span> <span class='ocrx_word' id='word_1_95' title='bbox 768 1749 925 1840; x_wconf 72' lang='grc' dir='ltr'><em>χρήματά</em></span> <span class='ocrx_word' id='word_1_96' title='bbox 944 1781 1046 1841; x_wconf 81' lang='grc' dir='ltr'><em>φησιν</em></span> <span class='ocrx_word' id='word_1_97' title='bbox 1069 1752 1240 1842; x_wconf 81' lang='grc' dir='ltr'><em>(Θεόφρα-</em></span> 
     </span>
     <span class='ocr_line' id='line_1_15' title="bbox 179 1855 1237 1949; baseline 0.001 -20"><span class='ocrx_word' id='word_1_98' title='bbox 179 1869 271 1942; x_wconf 81' lang='grc' dir='ltr'><em>στος)</em></span> <span class='ocrx_word' id='word_1_99' title='bbox 292 1869 336 1929; x_wconf 79' lang='grc' dir='ltr'><strong>·ἐκ</strong></span> <span class='ocrx_word' id='word_1_100' title='bbox 358 1856 473 1948; x_wconf 77' lang='grc' dir='ltr'><em>Δήλου</em></span> <span class='ocrx_word' id='word_1_101' title='bbox 501 1865 761 1949; x_wconf 73' lang='grc' dir='ltr'><strong>βουλευομένων</strong></span> <span class='ocrx_word' id='word_1_102' title='bbox 786 1855 961 1945; x_wconf 75' lang='grc' dir='ltr'><strong>Ἀθήναζε</strong></span> <span class='ocrx_word' id='word_1_103' title='bbox 985 1863 1121 1946; x_wconf 80' lang='grc' dir='ltr'><em>κομίσαι</em></span> <span class='ocrx_word' id='word_1_104' title='bbox 1145 1861 1237 1949; x_wconf 78' lang='grc' dir='ltr'><em>πυροὶ</em></span> 
     </span>
     <span class='ocr_line' id='line_1_16' title="bbox 179 1962 1240 2056; baseline 0.002 -22"><span class='ocrx_word' id='word_1_105' title='bbox 179 1962 242 2042; x_wconf 73' lang='lat' dir='ltr'><strong>acic</strong></span> <span class='ocrx_word' id='word_1_106' title='bbox 264 1962 440 2055; x_wconf 72' lang='grc' dir='ltr'><em>συνθήκας</em></span> <span class='ocrx_word' id='word_1_107' title='bbox 464 1972 519 2036; x_wconf 81' lang='grc' dir='ltr'><strong>καὶ</strong></span> <span class='ocrx_word' id='word_1_108' title='bbox 538 1968 684 2055; x_wconf 68' lang='grc' dir='ltr'><em>’Σαμίων</em></span> <span class='ocrx_word' id='word_1_109' title='bbox 706 1970 956 2056; x_wconf 63' lang='grc' dir='ltr'><strong>εἰσηγουμένων</strong></span> <span class='ocrx_word' id='word_1_110' title='bbox 978 1972 1089 2042; x_wconf 72' lang='grc' dir='ltr'><em>εἰπεῖν</em></span> <span class='ocrx_word' id='word_1_111' title='bbox 1111 1977 1240 2036; x_wconf 76' lang='grc' dir='ltr'><em>ἐκεῖνον</em></span> 
     </span>
     <span class='ocr_line' id='line_1_17' title="bbox 181 2069 1240 2163; baseline -0.001 -22"><span class='ocrx_word' id='word_1_112' title='bbox 181 2069 437 2163; x_wconf 71' lang='grc' dir='ltr'><em>(Ἀριστείδην),</em></span> <span class='ocrx_word' id='word_1_113' title='bbox 469 2071 515 2161; x_wconf 68' lang='grc' dir='ltr'><strong>οῖς</strong></span> <span class='ocrx_word' id='word_1_114' title='bbox 544 2071 585 2143; x_wconf 84' lang='grc' dir='ltr'><strong>ου’</strong></span> <span class='ocrx_word' id='word_1_115' title='bbox 614 2077 745 2142; x_wconf 72' lang='grc' dir='ltr'><em>δίκαιον</em></span> <span class='ocrx_word' id='word_1_116' title='bbox 771 2079 853 2159; x_wconf 79' lang='grc' dir='ltr'><em>μὲν,</em></span> <span class='ocrx_word' id='word_1_117' title='bbox 885 2077 1057 2159; x_wconf 74' lang='grc' dir='ltr'><em>συμφέρον</em></span> <span class='ocrx_word' id='word_1_118' title='bbox 1087 2077 1121 2141; x_wconf 77' lang='lat' dir='ltr'><strong>dl</strong></span> <span class='ocrx_word' id='word_1_119' title='bbox 1147 2071 1240 2142; x_wconf 75' lang='grc' dir='ltr'><em>τοῦτ’</em></span> 
     </span>
     <span class='ocr_line' id='line_1_18' title="bbox 181 2167 1240 2265; baseline 0 -17"><span class='ocrx_word' id='word_1_120' title='bbox 181 2182 281 2248; x_wconf 81' lang='grc' dir='ltr'><em>εὀνίν.</em></span> <span class='ocrx_word' id='word_1_121' title='bbox 333 2177 415 2247; x_wconf 86' lang='lat' dir='ltr'><strong>Nam</strong></span> <span class='ocrx_word' id='word_1_122' title='bbox 442 2183 575 2258; x_wconf 80' lang='lat' dir='ltr'><strong>Samios,</strong></span> <span class='ocrx_word' id='word_1_123' title='bbox 608 2202 682 2265; x_wconf 90' lang='lat' dir='ltr'><strong>quos</strong></span> <span class='ocrx_word' id='word_1_124' title='bbox 711 2167 773 2245; x_wconf 91' lang='lat' dir='ltr'><strong>non</strong></span> <span class='ocrx_word' id='word_1_125' title='bbox 805 2181 912 2245; x_wconf 89' lang='lat' dir='ltr'><strong>multis</strong></span> <span class='ocrx_word' id='word_1_126' title='bbox 927 2176 1028 2246; x_wconf 76' lang='lat' dir='ltr'><strong>&#39;annis</strong></span> <span class='ocrx_word' id='word_1_127' title='bbox 1060 2183 1129 2265; x_wconf 86' lang='lat' dir='ltr'><strong>post</strong></span> <span class='ocrx_word' id='word_1_128' title='bbox 1155 2202 1240 2248; x_wconf 89' lang='lat' dir='ltr'><strong>acres</strong></span> 
     </span>
     <span class='ocr_line' id='line_1_19' title="bbox 179 2286 1239 2370; baseline 0.003 -19"><span class='ocrx_word' id='word_1_129' title='bbox 179 2288 332 2352; x_wconf 87' lang='lat' dir='ltr'><strong>libertatis</strong></span> <span class='ocrx_word' id='word_1_130' title='bbox 355 2308 417 2357; x_wconf 86' lang='lat' dir='ltr'><strong>suae</strong></span> <span class='ocrx_word' id='word_1_131' title='bbox 438 2289 617 2353; x_wconf 87' lang='lat' dir='ltr'><strong>defensores·</strong></span> <span class='ocrx_word' id='word_1_132' title='bbox 635 2287 790 2351; x_wconf 83' lang='lat' dir='ltr'><strong>exstitisse</strong></span> <span class='ocrx_word' id='word_1_133' title='bbox 811 2286 968 2365; x_wconf 76' lang='lat' dir='ltr'><strong>novimus,</strong></span> <span class='ocrx_word' id='word_1_134' title='bbox 996 2306 1101 2370; x_wconf 82' lang='lat' dir='ltr'><strong>neque,</strong></span> <span class='ocrx_word' id='word_1_135' title='bbox 1117 2290 1239 2354; x_wconf 92' lang='lat' dir='ltr'><strong>omnino</strong></span> 
     </span>
     <span class='ocr_line' id='line_1_20' title="bbox 181 2376 1237 2481; baseline 0.002 -24"><span class='ocrx_word' id='word_1_136' title='bbox 181 2393 270 2458; x_wconf 90' lang='lat' dir='ltr'><strong>huius</strong></span> <span class='ocrx_word' id='word_1_137' title='bbox 294 2376 413 2458; x_wconf 87' lang='lat' dir='ltr'><strong>consilii</strong></span> <span class='ocrx_word' id='word_1_138' title='bbox 434 2394 588 2458; x_wconf 91' lang='lat' dir='ltr'><strong>adiutores</strong></span> <span class='ocrx_word' id='word_1_139' title='bbox 610 2391 704 2455; x_wconf 81' lang='lat' dir='ltr'><strong>fuisse</strong></span> <span class='ocrx_word' id='word_1_140' title='bbox 725 2392 882 2473; x_wconf 85' lang='lat' dir='ltr'><strong>probabile</strong></span> <span class='ocrx_word' id='word_1_141' title='bbox 905 2394 952 2481; x_wconf 88' lang='lat' dir='ltr'><strong>est</strong></span> <span class='ocrx_word' id='word_1_142' title='bbox 973 2411 1070 2476; x_wconf 88' lang='lat' dir='ltr'><strong>neque</strong></span> <span class='ocrx_word' id='word_1_143' title='bbox 1089 2394 1122 2457; x_wconf 91' lang='lat' dir='ltr'><strong>id</strong></span> <span class='ocrx_word' id='word_1_144' title='bbox 1143 2395 1237 2459; x_wconf 86' lang='lat' dir='ltr'><strong>Athe-</strong></span> 
     </span>
     <span class='ocr_line' id='line_1_21' title="bbox 169 2480 1241 2587; baseline 0.002 -25"><span class='ocrx_word' id='word_1_145' title='bbox 169 2498 228 2564; x_wconf 85' lang='lat' dir='ltr'><strong>&#39;nis</strong></span> <span class='ocrx_word' id='word_1_146' title='bbox 246 2499 285 2584; x_wconf 84' lang='lat' dir='ltr'><strong>ad</strong></span> <span class='ocrx_word' id='word_1_147' title='bbox 301 2499 529 2587; x_wconf 86' lang='lat' dir='ltr'><strong>deliberandum</strong></span> <span class='ocrx_word' id='word_1_148' title='bbox 538 2480 731 2581; x_wconf 87' lang='lat' dir='ltr'><strong>proposuisse</strong></span> <span class='ocrx_word' id='word_1_149' title='bbox 744 2502 983 2582; x_wconf 74' lang='grc' dir='ltr'><em>(εἰσηγεῖσθαι)</em></span> <span class='ocrx_word' id='word_1_150' title='bbox 991 2501 1036 2582; x_wconf 85' lang='lat'><strong>¹);</strong></span> <span class='ocrx_word' id='word_1_151' title='bbox 1059 2518 1155 2582; x_wconf 89' lang='lat' dir='ltr'><strong>neque</strong></span> <span class='ocrx_word' id='word_1_152' title='bbox 1177 2501 1241 2564; x_wconf 90' lang='lat' dir='ltr'><strong>ulla</strong></span> 
     </span>
     <span class='ocr_line' id='line_1_22' title="bbox 182 2602 1239 2683; baseline -0.003 -13"><span class='ocrx_word' id='word_1_153' title='bbox 182 2604 291 2670; x_wconf 86' lang='lat' dir='ltr'><strong>ceteris</strong></span> <span class='ocrx_word' id='word_1_154' title='bbox 314 2605 389 2669; x_wconf 87' lang='lat' dir='ltr'><strong>loeis</strong></span> <span class='ocrx_word' id='word_1_155' title='bbox 411 2605 507 2678; x_wconf 85' lang='lat' dir='ltr'><strong>(Plut.</strong></span> <span class='ocrx_word' id='word_1_156' title='bbox 522 2604 724 2676; x_wconf 67' lang='lat' dir='ltr'><strong>Periclem,</strong></span> <span class='ocrx_word' id='word_1_157' title='bbox 748 2602 867 2668; x_wconf 92' lang='lat' dir='ltr'><strong>Diodor.</strong></span> <span class='ocrx_word' id='word_1_158' title='bbox 892 2604 950 2669; x_wconf 83' lang='lat' dir='ltr'><strong>Sic.</strong></span> <span class='ocrx_word' id='word_1_159' title='bbox 965 2605 1036 2683; x_wconf 78' lang='grc' dir='ltr'>ΧΙΙ,</span> <span class='ocrx_word' id='word_1_160' title='bbox 1059 2605 1108 2679; x_wconf 84' lang='grc'><strong>38,</strong></span> <span class='ocrx_word' id='word_1_161' title='bbox 1132 2606 1239 2669; x_wconf 89' lang='lat' dir='ltr'><strong>lustin.</strong></span> 
     </span>
     <span class='ocr_line' id='line_1_23' title="bbox 182 2703 1240 2797; baseline -0.002 -23"><span class='ocrx_word' id='word_1_162' title='bbox 182 2712 240 2790; x_wconf 92' lang='lat' dir='ltr'><strong>III,</strong></span> <span class='ocrx_word' id='word_1_163' title='bbox 264 2711 293 2783; x_wconf 84' lang='lat'><strong>6)</strong></span> <span class='ocrx_word' id='word_1_164' title='bbox 328 2710 500 2775; x_wconf 85' lang='lat' dir='ltr'><strong>Samiorum</strong></span> <span class='ocrx_word' id='word_1_165' title='bbox 522 2708 641 2774; x_wconf 89' lang='lat' dir='ltr'><strong>mentio</strong></span> <span class='ocrx_word' id='word_1_166' title='bbox 668 2708 713 2772; x_wconf 88' lang='lat' dir='ltr'><strong>fit.</strong></span> <span class='ocrx_word' id='word_1_167' title='bbox 738 2743 743 2758; x_wconf 77' lang='lat'>=</span> <span class='ocrx_word' id='word_1_168' title='bbox 767 2703 867 2789; x_wconf 86' lang='lat' dir='ltr'><strong>Multo</strong></span> <span class='ocrx_word' id='word_1_169' title='bbox 893 2712 968 2775; x_wconf 92' lang='lat' dir='ltr'><strong>mihi</strong></span> <span class='ocrx_word' id='word_1_170' title='bbox 995 2712 1060 2774; x_wconf 87' lang='lat' dir='ltr'><strong>haec</strong></span> <span class='ocrx_word' id='word_1_171' title='bbox 1091 2730 1140 2775; x_wconf 92' lang='lat' dir='ltr'><strong>res</strong></span> <span class='ocrx_word' id='word_1_172' title='bbox 1170 2730 1240 2797; x_wconf 82' lang='lat' dir='ltr'><strong>cum</strong></span> 
     </span>
     <span class='ocr_line' id='line_1_24' title="bbox 179 2809 1240 2901; baseline -0.003 -20"><span class='ocrx_word' id='word_1_173' title='bbox 179 2809 466 2901; x_wconf 68' lang='grc' dir='ltr'><em>Ἐλληνοοομίσις</em></span> <span class='ocrx_word' id='word_1_174' title='bbox 487 2815 673 2880; x_wconf 88' lang='lat' dir='ltr'><strong>coniunctior</strong></span> <span class='ocrx_word' id='word_1_175' title='bbox 689 2814 822 2889; x_wconf 66' lang='lat' dir='ltr'><strong>videtum</strong></span> <span class='ocrx_word' id='word_1_176' title='bbox 841 2817 945 2900; x_wconf 89' lang='lat' dir='ltr'><strong>itaque</strong></span> <span class='ocrx_word' id='word_1_177' title='bbox 965 2817 1181 2893; x_wconf 83' lang='lat' dir='ltr'><strong>valdeuereor‚</strong></span> <span class='ocrx_word' id='word_1_178' title='bbox 1203 2836 1240 2879; x_wconf 91' lang='lat' dir='ltr'><strong>ne</strong></span> 
     </span>
     <span class='ocr_line' id='line_1_25' title="bbox 181 2921 1181 3008; baseline -0.005 -20"><span class='ocrx_word' id='word_1_179' title='bbox 181 2923 364 2988; x_wconf 77' lang='lat' dir='ltr'><strong>Plutarchus</strong></span> <span class='ocrx_word' id='word_1_180' title='bbox 386 2921 542 3003; x_wconf 79' lang='lat' dir='ltr'><strong>scripserit</strong></span> <span class='ocrx_word' id='word_1_181' title='bbox 564 2921 717 2986; x_wconf 77' lang='grc' dir='ltr'><em>καὶτῶν</em></span> <span class='ocrx_word' id='word_1_182' title='bbox 738 2924 898 3006; x_wconf 66' lang='grc' dir='ltr'><em>ταμιῶν</em></span> <span class='ocrx_word' id='word_1_183' title='bbox 921 2924 1181 3008; x_wconf 66' lang='grc' dir='ltr'><em>εἰσηγουμένων.</em></span> 
     </span>
    </p>

    <p class='ocr_par' dir='ltr' id='par_1_5' title="bbox 181 3027 1241 3959">
     <span class='ocr_line' id='line_1_26' title="bbox 286 3027 1240 3111; baseline -0.001 -18"><span class='ocrx_word' id='word_1_184' title='bbox 286 3029 396 3108; x_wconf 87' lang='lat' dir='ltr'>(XLII)</span> <span class='ocrx_word' id='word_1_185' title='bbox 423 3027 483 3092; x_wconf 83' lang='lat' dir='ltr'><strong>Sed</strong></span> <span class='ocrx_word' id='word_1_186' title='bbox 509 3029 545 3092; x_wconf 89' lang='lat' dir='ltr'><strong>nt</strong></span> <span class='ocrx_word' id='word_1_187' title='bbox 570 3028 625 3091; x_wconf 89' lang='lat' dir='ltr'><strong>hoc</strong></span> <span class='ocrx_word' id='word_1_188' title='bbox 652 3027 804 3092; x_wconf 87' lang='lat' dir='ltr'><strong>incertum</strong></span> <span class='ocrx_word' id='word_1_189' title='bbox 819 3028 881 3109; x_wconf 84' lang='lat' dir='ltr'><strong>sit,</strong></span> <span class='ocrx_word' id='word_1_190' title='bbox 907 3048 1029 3111; x_wconf 90' lang='lat' dir='ltr'><strong>prorsus</strong></span> <span class='ocrx_word' id='word_1_191' title='bbox 1052 3030 1170 3094; x_wconf 90' lang='lat' dir='ltr'><strong>certum</strong></span> <span class='ocrx_word' id='word_1_192' title='bbox 1192 3030 1240 3092; x_wconf 88' lang='lat' dir='ltr'><strong>est</strong></span> 
     </span>
     <span class='ocr_line' id='line_1_27' title="bbox 181 3133 1239 3218; baseline 0 -20"><span class='ocrx_word' id='word_1_193' title='bbox 181 3134 213 3199; x_wconf 92' lang='lat' dir='ltr'><strong>in</strong></span> <span class='ocrx_word' id='word_1_194' title='bbox 235 3135 300 3199; x_wconf 87' lang='lat' dir='ltr'><strong>vita</strong></span> <span class='ocrx_word' id='word_1_195' title='bbox 318 3134 407 3200; x_wconf 81' lang='lat' dir='ltr'><strong>Arati</strong></span> <span class='ocrx_word' id='word_1_196' title='bbox 431 3152 456 3198; x_wconf 90' lang='lat' dir='ltr'><strong>o.</strong></span> <span class='ocrx_word' id='word_1_197' title='bbox 477 3133 515 3194; x_wconf 86' lang='grc'><strong>16</strong></span> <span class='ocrx_word' id='word_1_198' title='bbox 538 3133 738 3196; x_wconf 84' lang='lat' dir='ltr'><strong>Plutarchum</strong></span> <span class='ocrx_word' id='word_1_199' title='bbox 760 3155 822 3199; x_wconf 94' lang='lat' dir='ltr'><strong>non</strong></span> <span class='ocrx_word' id='word_1_200' title='bbox 843 3136 1011 3217; x_wconf 79' lang='lat' dir='ltr'><strong>scripsisse,</strong></span> <span class='ocrx_word' id='word_1_201' title='bbox 1035 3135 1115 3218; x_wconf 88' lang='lat' dir='ltr'><strong>quod</strong></span> <span class='ocrx_word' id='word_1_202' title='bbox 1138 3135 1239 3198; x_wconf 90' lang='lat' dir='ltr'><strong>editur</strong></span> 
     </span>
     <span class='ocr_line' id='line_1_28' title="bbox 183 3230 1240 3327; baseline 0.001 -23"><span class='ocrx_word' id='word_1_203' title='bbox 183 3239 388 3306; x_wconf 69' lang='lat' dir='ltr'><strong>caudicibus:</strong></span> <span class='ocrx_word' id='word_1_204' title='bbox 412 3230 431 3304; x_wconf 79' lang='grc' dir='ltr'><em>ὅ</em></span> <span class='ocrx_word' id='word_1_205' title='bbox 454 3239 487 3304; x_wconf 75' lang='lat' dir='ltr'><strong>dl</strong></span> <span class='ocrx_word' id='word_1_206' title='bbox 502 3231 784 3321; x_wconf 79' lang='grc' dir='ltr'><em>Ἀκροκόρινθος,</em></span> <span class='ocrx_word' id='word_1_207' title='bbox 806 3235 941 3324; x_wconf 74' lang='grc' dir='ltr'><em>ὑψηλόν</em></span> <span class='ocrx_word' id='word_1_208' title='bbox 964 3237 1053 3324; x_wconf 79' lang='grc' dir='ltr'><em>ὅρος,</em></span> <span class='ocrx_word' id='word_1_209' title='bbox 1077 3247 1112 3327; x_wconf 77' lang='grc' dir='ltr'><strong>ἐν</strong></span> <span class='ocrx_word' id='word_1_210' title='bbox 1135 3243 1240 3325; x_wconf 77' lang='grc' dir='ltr'><em>μέσης</em></span> 
     </span>
     <span class='ocr_line' id='line_1_29' title="bbox 183 3337 1241 3432; baseline -0.003 -19"><span class='ocrx_word' id='word_1_211' title='bbox 183 3340 409 3432; x_wconf 63' lang='lat' dir='ltr'><strong>nicomediensis</strong></span> <span class='ocrx_word' id='word_1_212' title='bbox 431 3346 491 3430; x_wconf 72' lang='grc' dir='ltr'><strong>τῆς</strong></span> <span class='ocrx_word' id='word_1_213' title='bbox 511 3337 687 3417; x_wconf 72' lang='grc' dir='ltr'><em>Ἑλλάδος.</em></span> <span class='ocrx_word' id='word_1_214' title='bbox 733 3345 816 3409; x_wconf 90' lang='lat' dir='ltr'><strong>Nam</strong></span> <span class='ocrx_word' id='word_1_215' title='bbox 837 3367 934 3431; x_wconf 90' lang='lat' dir='ltr'><strong>neque</strong></span> <span class='ocrx_word' id='word_1_216' title='bbox 957 3348 996 3412; x_wconf 93' lang='lat' dir='ltr'><strong>ad</strong></span> <span class='ocrx_word' id='word_1_217' title='bbox 1017 3367 1092 3422; x_wconf 87' lang='lat' dir='ltr'><strong>rem,</strong></span> <span class='ocrx_word' id='word_1_218' title='bbox 1119 3347 1241 3429; x_wconf 84' lang='lat' dir='ltr'><strong>de&#39;qua</strong></span> 
     </span>
     <span class='ocr_line' id='line_1_30' title="bbox 183 3450 1239 3538; baseline 0 -20"><span class='ocrx_word' id='word_1_219' title='bbox 183 3454 285 3538; x_wconf 81' lang='lat' dir='ltr'><strong>agitur</strong></span> <span class='ocrx_word' id='word_1_220' title='bbox 306 3453 451 3531; x_wconf 80' lang='lat' dir='ltr'><strong>(claustra</strong></span> <span class='ocrx_word' id='word_1_221' title='bbox 461 3450 664 3533; x_wconf 79' lang='lat' dir='ltr'><strong>Peloponnesi</strong></span> <span class='ocrx_word' id='word_1_222' title='bbox 674 3452 928 3517; x_wconf 86' lang='lat' dir='ltr'><strong>Acrocorinthum</strong></span> <span class='ocrx_word' id='word_1_223' title='bbox 940 3456 1019 3532; x_wconf 85' lang='lat' dir='ltr'><strong>esse)</strong></span> <span class='ocrx_word' id='word_1_224' title='bbox 1041 3453 1184 3535; x_wconf 87' lang='lat' dir='ltr'><strong>pertinet,</strong></span> <span class='ocrx_word' id='word_1_225' title='bbox 1207 3454 1239 3518; x_wconf 91' lang='lat' dir='ltr'><strong>in</strong></span> 
     </span>
     <span class='ocr_line' id='line_1_31' title="bbox 183 3555 1239 3640; baseline -0.002 -16"><span class='ocrx_word' id='word_1_226' title='bbox 183 3561 285 3625; x_wconf 86' lang='lat' dir='ltr'><strong>media</strong></span> <span class='ocrx_word' id='word_1_227' title='bbox 295 3560 413 3626; x_wconf 75' lang='lat' dir='ltr'><strong>Graecia</strong></span> <span class='ocrx_word' id='word_1_228' title='bbox 423 3577 493 3622; x_wconf 90' lang='lat' dir='ltr'><strong>eum</strong></span> <span class='ocrx_word' id='word_1_229' title='bbox 506 3575 581 3630; x_wconf 89' lang='lat' dir='ltr'><strong>esse,</strong></span> <span class='ocrx_word' id='word_1_230' title='bbox 594 3573 691 3636; x_wconf 91' lang='lat' dir='ltr'><strong>neque</strong></span> <span class='ocrx_word' id='word_1_231' title='bbox 704 3555 736 3617; x_wconf 92' lang='lat' dir='ltr'><strong>id</strong></span> <span class='ocrx_word' id='word_1_232' title='bbox 746 3556 791 3620; x_wconf 85' lang='lat' dir='ltr'><strong>ita</strong></span> <span class='ocrx_word' id='word_1_233' title='bbox 801 3557 896 3623; x_wconf 83' lang='lat' dir='ltr'><strong>fuisse</strong></span> <span class='ocrx_word' id='word_1_234' title='bbox 909 3559 1085 3624; x_wconf 87' lang='lat' dir='ltr'><strong>Graecorum</strong></span> <span class='ocrx_word' id='word_1_235' title='bbox 1097 3558 1239 3640; x_wconf 92' lang='lat' dir='ltr'><strong>opinione</strong></span> 
     </span>
     <span class='ocr_line' id='line_1_32' title="bbox 183 3660 1239 3750; baseline 0.002 -22"><span class='ocrx_word' id='word_1_236' title='bbox 183 3684 313 3748; x_wconf 88' lang='lat' dir='ltr'><strong>nsquam</strong></span> <span class='ocrx_word' id='word_1_237' title='bbox 334 3664 539 3750; x_wconf 80' lang='lat' dir='ltr'><strong>significatur,</strong></span> <span class='ocrx_word' id='word_1_238' title='bbox 569 3661 600 3725; x_wconf 87' lang='lat' dir='ltr'><strong>et</strong></span> <span class='ocrx_word' id='word_1_239' title='bbox 620 3661 720 3739; x_wconf 87' lang='lat' dir='ltr'><strong>totum</strong></span> <span class='ocrx_word' id='word_1_240' title='bbox 742 3660 855 3727; x_wconf 83' lang='lat' dir='ltr'><strong>hoeer</strong></span> <span class='ocrx_word' id='word_1_241' title='bbox 879 3665 981 3729; x_wconf 87' lang='lat' dir='ltr'><strong>media</strong></span> <span class='ocrx_word' id='word_1_242' title='bbox 1003 3664 1120 3730; x_wconf 77' lang='lat' dir='ltr'><strong>Graecia</strong></span> <span class='ocrx_word' id='word_1_243' title='bbox 1141 3667 1239 3730; x_wconf 88' lang='lat' dir='ltr'><strong>Acro-</strong></span> 
     </span>
     <span class='ocr_line' id='line_1_33' title="bbox 184 3764 1241 3852; baseline -0.001 -16"><span class='ocrx_word' id='word_1_244' title='bbox 184 3772 357 3837; x_wconf 90' lang='lat' dir='ltr'><strong>corinthum</strong></span> <span class='ocrx_word' id='word_1_245' title='bbox 379 3789 412 3835; x_wconf 91' lang='lat' dir='ltr'><strong>se</strong></span> <span class='ocrx_word' id='word_1_246' title='bbox 435 3768 588 3841; x_wconf 85' lang='lat' dir='ltr'><strong>extollere,</strong></span> <span class='ocrx_word' id='word_1_247' title='bbox 611 3765 655 3830; x_wconf 88' lang='lat' dir='ltr'><strong>sio</strong></span> <span class='ocrx_word' id='word_1_248' title='bbox 677 3764 797 3838; x_wconf 88' lang='lat' dir='ltr'><strong>dicitur,</strong></span> <span class='ocrx_word' id='word_1_249' title='bbox 821 3770 907 3850; x_wconf 90' lang='lat' dir='ltr'><strong>quasi</strong></span> <span class='ocrx_word' id='word_1_250' title='bbox 928 3770 958 3832; x_wconf 91' lang='lat' dir='ltr'><strong>in</strong></span> <span class='ocrx_word' id='word_1_251' title='bbox 980 3769 1097 3852; x_wconf 90' lang='lat' dir='ltr'><strong>reliqua</strong></span> <span class='ocrx_word' id='word_1_252' title='bbox 1120 3769 1241 3836; x_wconf 81' lang='lat' dir='ltr'><strong>Graecia</strong></span> 
     </span>
     <span class='ocr_line' id='line_1_34' title="bbox 182 3873 1239 3959; baseline 0.002 -19"><span class='ocrx_word' id='word_1_253' title='bbox 182 3875 275 3959; x_wconf 88' lang='lat' dir='ltr'><strong>plana</strong></span> <span class='ocrx_word' id='word_1_254' title='bbox 296 3879 350 3940; x_wconf 90' lang='lat' dir='ltr'><strong>aut</strong></span> <span class='ocrx_word' id='word_1_255' title='bbox 371 3895 430 3940; x_wconf 92' lang='lat' dir='ltr'><strong>non</strong></span> <span class='ocrx_word' id='word_1_256' title='bbox 452 3876 549 3946; x_wconf 86' lang='lat' dir='ltr'><strong>multo</strong></span> <span class='ocrx_word' id='word_1_257' title='bbox 571 3893 659 3939; x_wconf 87' lang='lat' dir='ltr'><strong>secus</strong></span> <span class='ocrx_word' id='word_1_258' title='bbox 680 3873 731 3936; x_wconf 91' lang='lat' dir='ltr'><strong>hic</strong></span> <span class='ocrx_word' id='word_1_259' title='bbox 746 3892 838 3953; x_wconf 90' lang='lat' dir='ltr'><strong>supra</strong></span> <span class='ocrx_word' id='word_1_260' title='bbox 853 3877 953 3938; x_wconf 88' lang='lat' dir='ltr'><strong>cetera</strong></span> <span class='ocrx_word' id='word_1_261' title='bbox 965 3875 1130 3941; x_wconf 89' lang='lat' dir='ltr'><strong>eminuerit</strong></span> <span class='ocrx_word' id='word_1_262' title='bbox 1140 3896 1239 3947; x_wconf 89' lang='lat' dir='ltr'><strong>mons.</strong></span> 
     </span>
    </p>
   </div>
   <div class='ocr_carea' id='block_1_3' title="bbox 185 4016 381 4031">
    <p class='ocr_par' dir='ltr' id='par_1_6' title="bbox 185 4016 381 4031">
     <span class='ocr_line' id='line_1_35' title="bbox 185 4016 381 4031; baseline 0 -8"><span class='ocrx_word' id='word_1_263' title='bbox 185 4016 381 4031; x_wconf 67' lang='lat'>.,—.-—-</span> 
     </span>
    </p>
   </div>
   <div class='ocr_carea' id='block_1_4' title="bbox 214 4093 1090 4167">
    <p class='ocr_par' dir='ltr' id='par_1_7' title="bbox 214 4093 1090 4167">
     <span class='ocr_line' id='line_1_36' title="bbox 214 4093 1090 4167; baseline 0.002 -18"><span class='ocrx_word' id='word_1_264' title='bbox 214 4094 237 4162; x_wconf 87' lang='lat'><strong>¹)</strong></span> <span class='ocrx_word' id='word_1_265' title='bbox 255 4095 330 4166; x_wconf 83' lang='lat' dir='ltr'><strong>Legi,</strong></span> <span class='ocrx_word' id='word_1_266' title='bbox 348 4113 407 4165; x_wconf 80' lang='lat' dir='ltr'><strong>qua</strong></span> <span class='ocrx_word' id='word_1_267' title='bbox 427 4098 536 4154; x_wconf 82' lang='lat' dir='ltr'><strong>Curtius</strong></span> <span class='ocrx_word' id='word_1_268' title='bbox 556 4097 664 4167; x_wconf 87' lang='lat' dir='ltr'><strong>scripsit</strong></span> <span class='ocrx_word' id='word_1_269' title='bbox 681 4097 710 4150; x_wconf 92' lang='lat' dir='ltr'><strong>in</strong></span> <span class='ocrx_word' id='word_1_270' title='bbox 729 4095 793 4150; x_wconf 82' lang='lat' dir='ltr'><strong>hist.</strong></span> <span class='ocrx_word' id='word_1_271' title='bbox 813 4093 920 4149; x_wconf 75' lang='lat' dir='ltr'><strong>Gracia</strong></span> <span class='ocrx_word' id='word_1_272' title='bbox 937 4095 967 4148; x_wconf 92' lang='grc' dir='ltr'>Π</span> <span class='ocrx_word' id='word_1_273' title='bbox 985 4110 1010 4163; x_wconf 89' lang='lat' dir='ltr'><strong>p.</strong></span> <span class='ocrx_word' id='word_1_274' title='bbox 1031 4097 1090 4156; x_wconf 83' lang='lat'>139.</span> 
     </span>
    </p>
   </div>
   <div class='ocr_carea' id='block_1_5' title="bbox 0 0 1304 4530">
    <p class='ocr_par' dir='ltr' id='par_1_8' title="bbox 0 0 1304 4530">
     <span class='ocr_line' id='line_1_37' title="bbox 0 0 1304 4530; baseline 0 0"><span class='ocrx_word' id='word_1_275' title='bbox 0 0 1304 4530; x_wconf 95' lang='lat' dir='ltr'><strong> </strong></span> 
     </span>
    </p>
   </div>
  </div>
 </body>
</html>
