2580 4530
160 220 220 282 308
581 217 641 273 Lib.
659 217 710 276 111.

119 420 245 486 consilio
274 437 371 502 quave
401 416 585 483 necessitate
613 415 660 481 his
688 416 803 482 duobus
831 417 907 482 locis
941 415 1104 500 Euripides
1125 434 1179 480 no-

116 527 210 592 luerit
228 526 401 610 legitimum
422 522 576 607 participii
600 539 705 586 casum
728 523 914 607 appositione
933 523 1055 600 addere,
1080 520 1180 587 versui

118 651 203 716 aeque
226 636 332 715 aptum
355 622 403 715 ιμ’
427 677 435 693 .
458 678 466 694 .
490 683 497 697 .
521 622 749 714 ἐννοούμενον
771 632 803 695 et
822 623 860 714 μ’
881 677 891 695 .
916 677 923 693 .
947 678 953 691 .
975 628 1178 715 μσλούσοιν);

116 739 219 822 itaque
240 739 272 803 iu
294 736 413 802 Medeae
439 737 506 801 loco
535 736 616 801 recte
645 736 815 801 Meinekius
843 737 875 800 et
895 735 1071 800 Diodorfius
1094 727 1180 820 μοσ-

117 845 256 929 ιιηλθεν
276 843 477 927 scripserunt,
504 841 538 906 id
563 845 612 907 est
639 868 700 927 μοι
730 843 893 926 ἐσῆλθεν,
916 843 947 906 et
967 840 999 905 in
1022 839 1181 924 Iphigenia

116 947 295 1034 μοῦλεσς
328 949 519 1014 scribendum
553 949 616 1021 est,
653 935 770 1014 duabus
796 942 961 1032 'postremis
990 947 1118 1030 syllabis
1148 945 1179 1009 in

115 1076 209 1123 unam
252 1055 400 1121 conflatis.
465 1055 623 1130 (Dativum
667 1054 747 1137 apud
801 1059 1011 1140 εἰσέρχεσθον
1055 1055 1182 1118 tuentur

116 1162 279 1237 Herodoti,
323 1158 499 1243 Sophoclis,
539 1159 676 1225 Platonis
711 1161 793 1238 loci.)
847 1162 938 1244 Apud
971 1160 1181 1244 Thucydidem

117 1270 220 1334 autem
253 1287 291 1331 ne
327 1275 443 1351 ε”ησνισ
478 1264 601 1348 quidem
633 1285 757 1348 prorsus
791 1268 898 1349 aptum
930 1268 992 1353 est,
1025 1265 1181 1348 quoniam,

114 1377 339 1455 utrumcunque
364 1371 519 1455 participii
547 1388 651 1436 casum
677 1372 833 1453 posueris,
861 1370 1006 1438 contrarii
1026 1375 1182 1454 ponuntur

115 1481 181 1561 ipse
203 1478 345 1544 Aristeus
377 1482 407 1543 et
429 1476 657 1555 Calchidenses,
681 1478 716 1541 ut
738 1470 844 1544 αὐτόν
870 1482 935 1561 μὲν
958 1526 966 1542 .
991 1525 1031 1543 ..
1061 1485 1181 1564 ἔχοντα

115 1583 307 1650 scribendum
334 1584 473 1649 videatur
509 1583 617 1660 fuisse;
651 1603 730 1649 nunc
757 1584 905 1649 exercitus
933 1584 1079 1650 exercitui
1111 1604 1182 1650 con·

113 1691 225 1756 trarius
247 1689 377 1775 ponitur.
430 1691 537 1773 Itaque
566 1690 703 1772 suspicor
723 1691 920 1774 participium
948 1689 1087 1755 additum
1113 1709 1182 1755 esse

115 1798 152 1862 ab
180 1797 294 1880 aliquo,
323 1797 375 1880 qui
401 1814 459 1859 non
490 1794 565 1859 satis
588 1794 626 1858 ad
649 1796 727 1860 hanc
754 1797 899 1862 orationis
924 1797 1054 1862 formam
1078 1798 1181 1861 atten-

113 1904 215 1976 deret,
250 1902 520 1986 Thucydidemque
546 1903 669 1966 tantum
692 1901 863 1985 scripsisse:
890 1894 935 1986 ἦν
957 1905 990 1970 db
1014 1897 1035 1987 η“
1059 1898 1181 1990 γνώμη

114 2003 307 2095 Ἀριστέως,
344 2006 382 2074 τό
416 2012 481 2093 μὲν
512 2001 597 2091 μεθ’
632 2009 755 2074 ἑαυτοῦ
787 2001 1019 2092 στρατόπεδον
1057 2016 1093 2075 ἐν
1136 2010 1180 2095 τῷ

114 2117 230 2201 ἰσθμῷ
255 2123 441 2200 ἐπιτηρεῖν,
474 2139 501 2179 ν.
532 2141 560 2179 τ.
585 2118 613 2179 λ.
635 2116 698 2205 lDa
721 2102 1004 2197 interpolationibus
1026 2117 1181 2182 similibus

111 2224 173 2290 vid.
195 2224 235 2288 ad
258 2223 315 2298 III,
341 2223 389 2313 li,
412 2224 452 2297 2).
971 2294 973 2298 ι

212 2328 278 2393 lbd.
303 2328 371 2399 105,
395 2328 432 2389 b:
461 2320 589 2411 ἡμέρας
620 2321 764 2409 ὕστερον
793 2319 919 2391 δώδεκα
951 2321 1099 2412 μάλιστα
1125 2331 1176 2394 ἐλ-

112 2427 246 2505 θόντες.
290 2433 372 2497 Usus
398 2432 546 2496 sermonis
570 2434 713 2498 constans
736 2458 756 2517 η
763 2437 908 2518 μέσαις
928 2436 1073 2518 postulat.

210 2540 275 2604 lbd.
306 2540 379 2611 120,
408 2539 427 2599 2
459 2538 500 2615 (in
531 2537 666 2601 oratione
693 2538 918 2614 Corinthiorum
947 2539 1027 2622 apud
1049 2541 1173 2617 socios):

110 2639 209 2729 ἡμῶν
239 2637 267 2708 ‹l‘
295 2639 367 2708 ὅσοι
395 2647 459 2726 μὲν
487 2635 692 2724 Ἀθηναίοις
725 2642 791 2730 ἤδη
814 2640 1065 2733 ἐνηλλάγησαν,
1100 2638 1172 2733 οὐχὶ

111 2750 246 2834 διιλσχης
269 2748 400 2813 δέονται
425 2745 509 2814 ὥστε
532 2745 751 2832 ηολσίξσσθσι
775 2747 910 2826 αὐτούς.
960 2753 1075 2818 Omnes
1099 2772 1175 2818 con·

81 2887 84 2896 ·
108 2858 242 2929 fitentur,
256 2875 416 2937 ‘nusquam
446 2856 520 2921 alibi
543 2853 810 2925 ἐναλλάττεσθαι
834 2861 926 2943 (quod
948 2863 995 2925 est
1017 2861 1172 2940 mutari)

109 2983 178 3028 cum
201 2962 302 3026 dativo
324 2964 457 3045 reperiri,
480 2965 516 3028 ut
537 2965 578 3029 sit
600 2966 806 3052 συμμίσγειν
819 2968 872 3032 καὶ
896 2960 1038 3053 ὁμιλεῖν,
1062 2987 1173 3050 quem-

109 3069 274 3134 admodum
298 3068 476 3134 scholiastes
505 3073 639 3146 enarrat,
667 3090 723 3135 nec
750 3074 914 3156 quicquam
942 3074 980 3138 ad
1003 3073 1172 3137 novitatem

108 3175 337 3259 significationis
352 3176 553 3240 excusandam
561 3176 771 3242 leniendamve
783 3180 925 3252 afferunt.
946 3182 1011 3244 Aut
1024 3184 1173 3263 συνηλ-

109 3274 295 3367 λιὶγησσν
336 3277 529 3345 scribendum
562 3283 725 3364 (quomodo
760 3279 1003 3352 συναλλάττειν
1035 3287 1171 3352 activum

107 3389 298 3452 intransitive
331 3388 457 3463 dicitur,
487 3406 545 3451 uon
580 3387 618 3451 de
648 3390 844 3454 reconciliata
870 3393 987 3474 gratia,
1023 3394 1077 3457 sed
1115 3413 1170 3477 pro

107 3487 258 3576 ὁμιλεῖν,
288 3495 368 3575 apud
401 3493 490 3575 Soph.
518 3491 565 3555 (n.
593 3514 618 3556 r.
652 3494 747 3570 1110,
783 3496 919 3579 Euripid.
952 3499 1106 3564 Herae-lid.
1139 3504 1169 3576 4,

107 3600 265 3663 Demosth.
293 3599 407 3674 XXIV,
434 3598 501 3668 192)
532 3601 585 3660 aut
613 3600 714 3680 potius
738 3607 779 3663 ἐν
802 3594 963 3689 σ’λλαγη
986 3595 1111 3686 ἦσαν,
1137 3607 1169 3671 in

106 3705 285 3775 commercio
308 3703 473 3779 fuerunt¹l

136 3867 155 3928 ιι
175 3868 197 3927 1,
216 3871 274 3925 126,
289 3871 386 3922 duecte
397 3869 615 3922 Hemsterhusius
624 3869 727 3923 Polluci
739 3871 941 3939 obtemperavit,
963 3873 1033 3942 ἁγνὰ
1051 3877 1168 3946 θύματα

176 3958 246 4026 apud
265 3959 446 4029 Thucydidem
465 3963 545 4016 scribi
569 3965 696 4028 testanti3
720 3964 766 4017 sed
793 3963 898 4019 videtur
916 3966 997 4019 fuisse
1016 3965 1073 4020 ἄλλ’
1095 3967 1167 4040 ἁγνὰ

175 4052 297 4105 θύσοντα.
