2580 4530
234 288 296 355 6⁷8
665 285 727 342 uu.
745 285 781 346 u.

193 504 261 569 τοο
282 484 332 549 hic
351 483 505 550 interdum
528 483 587 549 sub
610 483 682 550 laevi
702 484 803 567 specie
830 483 937 558 latent,
971 481 1131 549 interdum
1161 482 1244 548 mele

191 591 270 658 clius
317 590 494 665 offendunt,
542 589 679 656 tollenda
724 591 778 655 aut
834 589 945 655 saltem
994 587 1170 673 detegenda
1212 590 1246 655 ita

189 696 323 762 multum
356 696 460 761 auxilii
499 696 671 762 attuleruut
707 695 826 761 cedices
861 693 1019 761 interdum
1055 713 1116 760 neu
1152 696 1247 762 leviter

190 801 409 887 discrepantes.
469 802 572 886 Atque
612 801 707 867 etiam
742 800 849 869 multis
885 798 960 865 lecis
998 798 1135 867 dubitari
1172 821 1250 887 pesse

189 907 318 982 ridetur,
341 907 456 973 satisne
480 909 567 973 caute
589 926 703 986 eurum,
726 926 800 992 ques
825 907 896 985 dixi,
925 906 1067 972 codicum
1099 907 1195 976 fidem
1226 912 1250 974 et

190 1013 403 1079 auctoritatem
440 1033 537 1098 nuper
570 1014 700 1079 editores
733 1013 831 1079 secuti
863 1013 942 1091 sint,
978 1032 1054 1097 ques
1092 1014 1249 1099 interpda

188 1119 304 1187 tionem
335 1139 396 1185 nen
429 1121 570 1204 exiguam
591 1139 697 1204 passos
719 1120 865 1203 suspicor.
924 1119 1086 1202 (Exempla
1118 1123 1250 1203 quaedrru

189 1244 225 1290 er
245 1244 305 1290 une
327 1225 420 1306 libro,
455 1227 502 1293 bis
524 1228 678 1306 accusate,
699 1244 811 1310 ponam
831 1225 932 1304 infra.)
985 1223 1048 1289 Sed
1069 1245 1172 1311 neque
1193 1228 1249 1293 hae

186 1332 374 1415 perscrutari
394 1332 480 1416 patui
501 1330 532 1397 et
557 1332 623 1414 ipse
643 1320 818 1398 'coniectura
846 1351 882 1397 ea
902 1332 1024 1398 tautum
1046 1331 1155 1418 attigi,
1191 1355 1249 1419 quc

187 1456 250 1502 neu
278 1437 372 1503 nimis
403 1438 456 1504 diu
491 1437 524 1504 in
551 1437 608 1505 hec
640 1457 747 1522 campe
775 1456 899 1506 morans
928 1437 1067 1522 expedire
1104 1441 1249 1524 pateram,

186 1544 287 1611 multa
316 1545 400 1610 tristi
428 1546 483 1610 aut
512 1544 603 1611 dubio
630 1543 717 1629 signe
751 1546 857 1611 notata
879 1544 1133 1628 praetermittens.
1174 1546 1249 1614 Usus

187 1669 272 1715 eram
292 1650 452 1721 Iacebitrii
473 1651 626 1737 eremp103
648 1648 751 1733 itaque
769 1648 906 1716 adhibite
928 1652 1035 1734 postea
1056 1650 1248 1720 Dinderfiaue

186 1760 226 1833 (a
250 1756 342 1833 1858)
365 1740 546 1843 neu'pauea
572 1754 709 1821 tollenda
736 1754 869 1834 fuerunt,
902 1774 969 1839 quae
989 1757 1043 1823 ille
1064 1761 1248 1844 praeceperat

184 1864 294 1945 praeter
330 1852 383 1940 ea,
424 1881 492 1947 quae
525 1862 588 1928 iam
630 1860 787 1928 Beklrerus
820 1862 997 1928 emendarat
1036 1863 1187 1950 pluraque
1221 1868 1248 1931 et

186 1969 303 2035 maiora
325 1969 467 2037 Gebetus.
552 1981 554 1985 ·
1035 1956 1051 1969 ”

285 2075 386 2163 Epist
408 2074 451 2143 ad
472 2073 655 2163 Nigrinum:
684 2068 830 2161 ,εἰχόμην
852 2067 897 2140 ἄν
919 2074 964 2160 τῷ
986 2076 1120 2163 γελοίῳ.
1168 2080 1245 2145 Iure:

186 2176 442 2269 serapeum-1
776 2172 780 2181 ¹

285 2287 412 2374 Nigrini
431 2306 457 2352 c.
483 2289 515 2350 l:
540 2278 616 2352 α’ντὶ
640 2287 672 2354 δὲ
696 2279 847 2372 α’νοήτοιι
869 2308 905 2352 τε
933 2290 987 2354 καὶ
1010 2297 1245 2377 τετυφωμένου

184 2400 346 2480 γενέσθαι
379 2386 615 2477 μετριώτερον.
665 2393 843 2478 Agiturde
873 2393 1046 2461 mutatione
1074 2396 1108 2461 iu
1131 2399 1245 2465 centra·

183 2492 274 2566 riu'm.
309 2500 422 2568 Scrib.:
451 2492 758 2587 μετριώτατον.
801 2499 871 2566 Vid.
904 2499 944 2565 ad
964 2500 1128 2567 Plutarchi
1162 2523 1244 2588 praec.

184 2609 261 2673 ceni.
284 2629 310 2672 c.
335 2608 386 2669 42.
418 2624 423 2631 ·

283 2713 350 2778 Ibd.
373 2715 409 2777 6:
443 2705 518 2779 ec’di
547 2709 613 2801 yu'p
636 2706 713 2780 οὐδὲ
747 2724 975 2799 καταφρονεῖν
996 2708 1113 2780 αὐτῶν
1137 2722 1244 2800 θέμις.

183 2819 294 2885 Aliena
331 2819 522 2904 contemptus
560 2819 741 2905 significatio
777 2819 1033 2904 scribendumque
1066 2822 1242 2890 manifeste:

184 2932 366 3009 φθονεῖν
388 2919 511 2991 αὐτῶν.
545 2926 701 3010 seuquid
725 2927 822 2992 lateat
843 2925 874 2990 in
900 2919 977 2993 οὐδὲ
1000 2953 1084 2994 κατα
1102 2935 1155 3008 (-
1178 2948 1243 2996 nam

182 3052 221 3099 ne
242 3024 320 3098 οὐδὲ
341 3026 405 3118 γαρ
429 3027 505 3100 οὐδὲ
528 3032 652 3116 quidem
673 3032 746 3097 ferri
765 3036 868 3115 petest
889 3039 952 3113 -),
973 3035 1087 3101 nescio.

282 3137 349 3202 lbd.
376 3140 434 3203 21:
462 3140 535 3214 πῶς
560 3134 625 3228 γάρ
654 3132 696 3204 οὐ
717 3140 843 3227 γελοῖοι
863 3143 929 3225 ,ιιὲν
951 3144 983 3205 el
1006 3141 1242 3215 ulevcca‘casc.

183 3244 309 3310 Codices
336 3249 368 3309 οἱ
404 3246 560 3312 emittunt.
612 3246 724 3313 Serib.:
761 3247 835 3319 πῶς
864 3241 930 3335 yu'p
963 3238 1006 3312 οὗ
1045 3252 1174 3334 γελοῖοι
1210 3255 1242 3315 οἱ

180 3354 247 3437 μὲν
277 3351 508 3426 πλουτοῦντες
543 3380 601 3434 -,·
634 3353 692 3419 His
727 3353 913 3441 ruptarium
947 3352 1088 3420 redditur
1128 3375 1155 3424 c.
1191 3357 1241 3420 22:

182 3452 271 3527 πολύ
294 3458 328 3524 δὲ
352 3450 479 3524 scitam
502 3484 532 3524 ιι.
555 3485 585 3524 τ.
608 3461 636 3525 λ.

281 3565 348 3631 Ibd.
385 3567 439 3631 27:
473 3567 574 3633 aciae
610 3570 675 3653 μὲν
716 3565 786 3643 δεῖν
820 3570 853 3632 οἱ
885 3566 1005 3632 πολλοὶ
1039 3548 1241 3640 κελεύοντες.

181 3672 270 3751 Nihil
299 3673 348 3739 est
383 3672 489 3752 darc,
526 3672 605 3756 qued
638 3673 781 3741 ridentur
811 3693 866 3756 pre
899 3672 1058 3741 δεδέσθαι
1093 3674 1242 3759 accipere3

182 3779 301 3845 cedices
324 3771 365 3844 αι’
386 3779 466 3844 δεῖν.
512 3778 641 3844 Videtur
663 3780 799 3857 subesse,
823 3781 881 3846 etsi
901 3781 1074 3846 litterarum
1106 3781 1243 3867 vestigiis

182 3904 241 3950 nen
261 3885 434 3969 proximum
455 3886 516 3950 est:
541 3886 642 3950 τοῦτο
664 3889 730 3969 μὲν
752 3879 977 3968 νηστεύειν
1003 3892 1035 3952 οἱ
1058 3913 1094 3951 rr.
1120 3913 1149 3954 ιι.

281 3992 347 4057 Ibd.
385 3993 427 4054 34
461 3993 670 4059 scribendum:
704 3995 735 4057 εἰ
766 3986 935 4077 στόματος
966 3996 1032 4079 μὲν
1064 3987 1244 4078 α’λλοτριόν

183 4098 403 4172 δειπνοῦντες
439 4097 489 4184 μή
528 4099 678 4174 δέονται,
726 4100 811 4184 μηδὲ
852 4099 988 4186 χειρῶν,
1029 4100 1115 4185 μηδὲ
1152 4099 1245 4168 ὤτων

830 4458 954 4494 2*-
