2580 4530
550 275 611 333 uia.
629 250 651 332 i.
1051 277 1094 340 33
1141 227 1144 233 ⁵

42 474 111 557 quid
133 492 176 539 ex
200 475 369 558 prioribus
392 476 557 542 audiretur
577 478 628 542 vel
648 497 687 542 es
701 476 903 560 sequentibus
913 477 1135 557 adsumeretur,

46 600 101 645 uon
126 580 443 647 animadvertebant
469 585 525 647 aut
551 583 630 667 quod
651 584 830 660 verborum,
853 603 921 666 quae
942 583 1133 667 legebantur,

49 688 78 751 ri
101 706 168 752 non
198 687 373 752 intellecta
397 686 519 769 aliquid
543 687 774 765 desiderabant,
806 687 846 754 ad
868 688 1073 769 explendam
1101 692 1137 755 ut

52 792 249 869 eredebant,
286 793 464 857 orationem
494 795 620 859 verbum
650 793 773 877 aliquod
795 795 963 859 autetiam
986 795 1045 860 duo
1066 797 1137 878 plu·

54 917 122 963 rave
154 898 373 977 addiderunt,
408 898 566 964 interdum
588 900 684 965 etiam
705 899 743 964 ad
764 899 911 964 mendum
933 900 1070 983 aliquod,
1099 904 1137 973 ut
1195 911 1198 916 '

57 1005 231 1085 putabant,
267 1004 501 1089 affligendum,
536 1004 568 1070 id
596 1002 666 1082 est,'
697 1005 921 1070 occultandum.
970 1007 1015 1069 lla
1047 1008 1137 1072 lebas

59 1130 149 1193 quam
181 1111 227 1175 sit
252 1110 382 1193 antiqua
406 1114 438 1175 et
463 1110 594 1193 optimos
616 1129 736 1194 quoque
757 1111 878 1177 eodiees
899 1113 1053 1198 attigerit,
1089 1114 1137 1177 in·

60 1217 165 1300 tellegi
189 1217 310 1299 potest,
322 1217 359 1280 ut
379 1217 438 1281 hoo
459 1219 540 1294 utar,
562 1236 598 1281 ex
619 1216 748 1281 vocibus
764 1218 829 1282 ianr
853 1219 892 1313 ab
914 1219 983 1283 aliis
1005 1220 1088 1283 roota
1105 1218 1137 1282 in

63 1322 205 1389 Platonis
241 1322 399 1387 Phaedone
432 1321 587 1386 damnatis
620 1323 655 1386 et
684 1325 791 1388 eontra
824 1326 942 1389 eeteros
961 1324 1083 1389 eodioes
1107 1326 1139 1389 et

63 1433 167 1494 eontra
195 1427 407 1494 Oxoniensem
433 1427 477 1511 (p.
494 1429 533 1489 73
548 1428 572 1492 O
585 1420 795 1511 πρότερον,ρ
811 1428 862 1492 ,74
874 1429 900 1492 E
912 1431 997 1507 ἴσον,
1011 1448 1041 1511 p.
1058 1429 1097 1491 78
1110 1430 1137 1493 Ι)

64 1538 177 1600 soloin
201 1554 222 1599 a
247 1533 416 1610 Classenio
438 1551 471 1613 p.
483 1532 524 1595 85
546 1533 575 1596 D
603 1528 625 1617 ἦ
648 1533 686 1597 ab
708 1533 895 1612 Heindorli0‚
917 1555 947 1617 p.
959 1534 999 1596 88
1022 1536 1050 1598 A
1073 1532 1137 1619 lja

63 1639 401 1721 Sehleiermaoherop.
410 1637 485 1702 901)
499 1633 579 1711 τούς
591 1632 721 1722 λόγους,
729 1658 758 1721 p.
769 1639 828 1702 100
841 1640 868 1703 ll
880 1644 947 1705 εἴτε
960 1660 978 1704 a
989 1640 1137 1718 Daehnio,

63 1770 88 1832 p.
101 1748 165 1811 105
190 1747 220 1810 B
246 1751 285 1809 ἐν
309 1744 355 1829 τῷ
379 1739 521 1826 σώματι,
542 1744 647 1826 p.113
668 1745 694 1815 B
717 1745 760 1832 τῇ
782 1745 851 1834 γη).
893 1747 940 1811 Et·
955 1747 1060 1812 tamen
1083 1747 1140 1811 hat

64 1873 187 1939 quoquo
218 1850 462 1933 interpolatione
489 1869 569 1932 saepe
599 1852 828 1934 antiquissimos
855 1851 976 1916 oodices
1007 1853 1039 1937 et
1059 1853 1140 1916 into·

63 1980 131 2044 gros
168 1976 302 2033 carere,
337 1975 404 2038 quae
427 1955 460 2019 in
481 1957 697 2025 recentioribus
715 1958 843 2023 'demum
865 1958 939 2020 nata
960 1958 1016 2034 sit,
1050 1961 1141 2025 etex

64 2064 210 2131 Platonis
234 2061 325 2140 loeis,
349 2080 424 2144 quos
446 2061 509 2126 iam
532 2063 702 2146 atttdmns,
724 2083 749 2127 r.
764 2084 794 2146 p.
810 2063 911 2145 VHp.
931 2061 990 2125 529
1006 2062 1040 2140 Ο,
1058 2063 1141 2149 legg.

65 2173 126 2255 lp.
152 2171 223 2234 633
248 2169 290 2247 Ι),
312 2167 454 2250 intellegi
474 2170 593 2249 potest,
616 2171 647 2233 et
668 2189 704 2234 ex
730 2168 899 2246 Plutarchi,
927 2187 1017 2250 quem
1048 2169 1139 2251 paulo

66 2282 132 2360 post
154 2278 332 2343 afferemus
354 2274 616 2358 (Themistou),
640 2277 672 2339 et
691 2274 829 2356 exemplo
851 2291 1140 2356 perquam-momo-

66 2385 151 2448 rabili
164 2380 383 2447 declarabitur
399 2380 537 2462 proximo
549 2381 649 2462 eapite
663 2381 694 2444 in
707 2379 845 2444 Platonis
858 2379 1016 2444 Theaeteto
1029 2400 1062 2462 pr
1080 2382 1117 2442 17
1121 2382 1139 2445 5

67 2491 87 2554 C
118 2489 186 2554 Sed
211 2506 297 2552 nune
319 2487 352 2550 in
374 2485 462 2550 novis
485 2486 667 2567 quibusdam
690 2486 838 2567 exemplis
861 2485 1141 2568 quidquoquelooo

67 2596 211 2660 fraudem
241 2592 460 2672 interpolatori
489 2592 652 2669 obiecerit,
681 2592 975 2665 animadvertamus3
1014 2579 1142 2673 quorum

67 2703 206 2783 pomum
232 2698 277 2762 sit
298 2717 334 2761 ex
355 2697 422 2777 ipso
444 2696 516 2773 illo,
552 2697 584 2760 in
607 2717 666 2780 quo
688 2699 848 2780 ‘complura
868 2698 931 2763 iam
952 2699 1059 2761 notata
1081 2696 1142 2761 dini

67 2802 1142 2889 mmffwwfflmmfflQonmfflmmnffist

68 2916 112 2979 ubi
148 2912 202 2978 sic
241 2910 402 2975 scribitur:
455 2903 560 2974 'Allol
584 2907 887 2995 προωμολόγηται.
927 2919 1001 2994 iun>
1035 2911 1143 2993 μηδὲν

66 3023 206 3099 μᾶλλον
241 3008 325 3097 μηδ’
355 3002 460 3097 ἧττον
490 3020 605 3097 ἑτέραν
633 3020 746 3098 ἑτέρας
777 3012 890 3100 ψυχήν
912 3017 1020 3100 ψυχῆς
1043 3015 1141 3079 εἶναι·

67 3129 167 3192 τοῦτο
206 3116 312 3187 δ’ἔρνι
347 3118 385 3186 τό
422 3115 643 3206 ὁμολόγημα,
680 3124 788 3206 μηδὲν
819 3125 950 3207 μᾶλλον
979 3108 1059 3205 μηδ”
1087 3121 1141 3183 ἐπὶ

67 3237 172 3297 πλέον
206 3222 293 3314 μηδ’
323 3216 428 3310 ἦττον
459 3223 540 3310 μηδ’
571 3223 624 3294 ἐπ’
647 3233 787 3294 ἔλαττον
810 3234 925 3313 ἑτέρον
947 3235 1060 3310 ἑτέρας
1083 3219 1144 3306 οἲρ-

67 3341 200 3402 οονίαν
213 3329 387 3417 ἁρμονίας
398 3333 495 3411 εἶναι,
506 3337 678 3401 necessario
688 3337 860 3402 tollendum
874 3338 906 3399 in
922 3333 1064 3399 extremis
1075 3349 1145 3394 ver·

66 3447 108 3510 tis
117 3440 312 3527 ἁρμονίας,
325 3440 465 3505 additum
477 3444 582 3522 aperta
594 3442 630 3506 de
640 3461 740 3519 eausa,
749 3446 783 3507 ut
794 3444 849 3507 hoo
858 3440 1031 3537 membrum¹
1045 3435 1146 3498 simile

67 3550 225 3635 superiori
250 3549 335 3612 esset
357 3541 486 3630 (ψυχήν
506 3549 645 3637 dumah
679 3568 785 3614 verum
806 3566 867 3612 non
888 3543 1046 3626 quaeritur,
1069 3559 1145 3622 qua·

66 3674 158 3721 tenus
191 3648 347 3736 ἁρμονία
372 3647 521 3737 ἁρμονία
544 3653 595 3730 sit,
618 3653 672 3717 sed
696 3654 851 3727 Socrates
889 3649 925 3712 de
948 3648 1052 3725 eorum
1075 3666 1146 3711 sen·

68 3765 179 3829 tentia.
205 3760 262 3843 qui
286 3760 426 3823 animum
449 3754 618 3841 ἁρμονίαν
642 3759 803 3824 definirent
820 3775 896 3826 esse,
919 3754 1089 3836 disputans,
1112 3772 1148 3818 ex

70 3888 121 3933 eo.
155 3866 246 3950 qnod
269 3867 362 3930 antea
386 3884 564 3931 conoessum
587 3869 644 3942 est,
666 3867 803 3930 animum
826 3880 949 3926 omnem
972 3879 1057 3942 aeque
1080 3879 1146 3926 esse

73 3978 226 4050 animum,
251 3971 421 4046 concludit,
445 3972 471 4035 si
494 3973 612 4036 animus
636 3969 782 4054 ἁρμονία
806 3969 855 4041 sit,
880 3987 938 4032 non
962 3967 1057 4031 alium
1081 3967 1149 4031 sni-

73 4100 157 4144 nnm
183 4078 309 4163 magis.
332 4078 431 4142 alium
453 4078 554 4143 minus
580 4097 647 4143 esse
676 4071 847 4160 ἁρμονίαν
879 4076 1008 4158 (ἑοίρον
1036 4079 1150 4154 ἑτέρας

923 4176 951 4226 6.
