2580 4530
238 250 260 312 4
487 328 489 333 Ι
643 253 814 310 Prooemium

196 448 371 516 Aristotelis
399 452 539 534 quaedam
561 451 657 516 adieci
687 455 718 516 et
740 471 776 516 ex
797 450 1009 515 Alexandrinis
1034 449 1258 533 Callimachum

195 558 227 620 et
258 556 457 638 Apollonium
500 557 654 623 Rhodium
693 559 725 622 et
762 555 959 621 Theocritum
1003 555 1094 632 (hunc
1133 555 1257 638 quidem

193 661 389 746 festinanter)
416 666 448 728 et
474 646 624 729 inferioris
654 663 756 728 aetatis
781 662 853 726 inde
883 680 901 724 a
927 660 1059 725 Diodoro
1093 661 1194 726 Siculo
1225 663 1258 726 et

194 754 343 834 Strabone
365 775 541 852 persecutus
564 789 643 847 sum,
665 789 681 834 e
703 770 814 852 quibus
836 769 927 833 antea
953 768 1075 831 tantum
1097 767 1257 831 Plutarchi

193 874 272 939 uitas
295 876 326 939 et
351 875 521 940 Iunianum
551 876 728 960 diligentius
755 877 901 958 legeram.
944 872 1062 937 Horum
1084 872 1178 955 igitur
1200 892 1255 936 an-

191 999 315 1059 nomm‚
354 982 413 1047 hoc
451 984 515 1060 est,
548 983 649 1047 aetatis
688 1001 746 1046 usu
785 982 817 1045 et
851 979 1004 1062 perpatuit
1023 981 1055 1043 te
1083 978 1254 1042 studiorum

115 1083 118 1088 ’
191 1087 396 1164 confirmatae,
424 1089 522 1152 maior
543 1085 614 1170 pars¹
637 1090 685 1152 est
705 1106 825 1163 eorum,
863 1105 930 1168 quae
951 1085 991 1149 ad
1014 1085 1135 1150 Graecos
1158 1084 1253 1167 scrip-

190 1195 270 1257 tores
300 1194 350 1259 hic
376 1186 530 1276 proferam
558 1214 624 1271 eon,
659 1194 822 1276 inquibus
849 1193 895 1256 ita
923 1211 991 1256 sum
1025 1192 1185 1266 versatus,
1219 1191 1254 1254 ut

189 1299 304 1382 aliquid
327 1303 504 1366 nasceretur
527 1301 760 1376 emendationis3
784 1299 860 1364 alios
883 1300 1023 1364 celeriter
1043 1296 1178 1378 percurri
1200 1298 1254 1361 aut

188 1406 327 1488 partibus
363 1409 498 1491 cognovi.
558 1407 640 1486 Quos
677 1407 759 1470 enim
792 1406 871 1470 totos
906 1406 1023 1468 attente
1052 1402 1251 1486 perlegendos

188 1531 400 1595 susceperam,
433 1513 524 1578 iniis
547 1495 659 1578 me'ad
679 1513 737 1577 hoc
760 1511 906 1576 orationis
929 1511 967 1575 ad
995 1529 1099 1574 veram
1121 1509 1251 1572 formam

187 1619 365 1683 revocandae
394 1619 530 1684 studium
557 1620 677 1684 ferebat
698 1620 730 1682 et
750 1620 820 1701 plus
841 1619 920 1694 iere,
949 1636 1041 1700 quarn
1064 1616 1191 1693 vellem,
1218 1615 1251 1678 in

188 1743 224 1789 eo
247 1725 405 1790 detinebat
426 1725 520 1789 animi
541 1727 702 1808 propensio
723 1745 798 1790 sana
820 1730 851 1789 et
878 1725 961 1788 certa
983 1742 1119 1806 quaerens
1142 1724 1174 1786 et
1195 1721 1250 1786 de·

186 1831 309 1896 lectatio
332 1851 368 1896 ex
389 1852 482 1897 sensu
509 1831 667 1897 facultatis
695 1828 853 1896 cuiusdam
877 1831 917 1894 ad
947 1848 983 1893 ea
1012 1829 1171 1911 perspicue
1201 1847 1249 1892 re-

185 1939 331 2020 perienda
353 1939 568 2003 exercitatione
596 1939 796 2015 confirmatae,
826 1956 897 2001 cum
918 1935 996 2000 mihi
1022 1936 1139 2000 viderer
1162 1935 1250 2016 quasi

184 2043 265 2126 ipsos
285 2047 354 2110 illos
376 2046 494 2110 veteres
517 2064 620 2109 coram
642 2046 837 2129 interrogare.

267 2151 385 2215 Ponam
406 2151 438 2215 in
460 2152 507 2216 his
529 2152 627 2230 libris,
650 2152 676 2216 si
701 2171 822 2216 summa
844 2150 963 2214 consilii
984 2149 1156 2231 spectatur,
1177 2147 1247 2210 tan·

184 2256 252 2318 tum
275 2275 341 2338 qua
367 2274 437 2319 mea
467 2257 499 2320 et
524 2276 601 2321 nova
627 2259 718 2338 puto,
745 2258 802 2321 hoc
832 2258 893 2333 est,
922 2255 1113 2320 coniecturas
1136 2271 1248 2336 easque

183 2360 429 2438 emendationes,
459 2362 631 2444 inquibus,
655 2363 777 2426 etiamsi
796 2363 933 2444 proxime
956 2360 1094 2425 codicum
1116 2359 1248 2443 vestigia

182 2466 354 2546 sequantur,
378 2467 493 2550 aliquid
514 2470 619 2532 tamen
642 2469 679 2531 de
702 2486 770 2531 meo
793 2468 963 2532 accesserit.
1010 2464 1085 2543 Quae
1107 2466 1139 2528 in
1162 2467 1247 2529 vete-

180 2587 248 2632 mm
272 2573 454 2654 scriptomm
477 2575 619 2655 operibus
635 2573 819 2655 ‘simpliciter
842 2593 858 2637 e
881 2573 1032 2637 codicibus
1053 2571 1246 2635 restituenda

179 2676 210 2739 in
248 2678 439 2764 marginibus
471 2680 591 2757 notavi,
624 2682 678 2744 aut
707 2681 830 2746 omnino
866 2679 1006 2763 neglecta
1035 2678 1090 2741 aut
1115 2677 1246 2759 probata

179 2782 253 2846 olim
275 2784 314 2847 ab
336 2800 395 2848 uno
412 2786 599 2866 pluribusve,
623 2785 677 2849 sed
694 2782 1084 2862 arecentissirhisreieota
1107 2802 1244 2867 quasque

178 2888 368 2969 superiorum
396 2891 624 2957 emendationes
656 2893 767 2958 iniuria
798 2895 917 2974 spretas
956 2895 987 2958 et
1017 2893 1070 2957 aut
1097 2891 1243 2956 contortis

178 2996 326 3076 corruptae
340 2994 480 3059 codicum
500 2997 656 3079 scripturae
676 2999 917 3067 enarrationibus
936 3002 991 3064 aut
1011 2999 1112 3083 pravis
1125 2997 1242 3063 coniec-

176 3099 253 3164 turis
282 3101 469 3182 postpositas
495 3102 636 3182 probaui,
670 3107 887 3187 praetermitt03
922 3127 994 3171 nam
1026 3107 1057 3170 et
1084 3106 1241 3169 infinitum

175 3208 259 3270 esset
279 3208 420 3288 persequi
442 3210 473 3272 et
494 3209 607 3274 habent
627 3210 802 3292 prudentes,
826 3213 879 3275 ubi
902 3217 1039 3295 querant
1060 3215 1091 3278 et
1105 3215 1238 3277 sumant.

174 3313 215 3377 Et
246 3315 351 3377 tamen
384 3333 442 3378 non
475 3315 573 3379 solum
606 3315 762 3379 interdum
793 3337 871 3382 meae
907 3321 1129 3389 emendationis
1163 3339 1238 3385 oon-

83 3462 84 3467 κ
173 3420 331 3485 firmandae
354 3439 446 3484 causa
468 3421 521 3484 aut
541 3421 692 3486 invitante
714 3424 915 3489 simthudine
937 3427 1043 3491 mendi
1064 3431 1095 3493 et
1119 3448 1238 3495 correo-

172 3526 264 3591 tionis
299 3529 331 3591 et
362 3527 590 3609 opportunitate
630 3527 730 3593 brevis
767 3529 983 3596 admonitionis
1018 3537 1235 3601 commendabo

170 3633 202 3695 in
227 3633 297 3697 aliis
318 3634 391 3698 loeis
414 3633 551 3698 codicum
574 3633 739 3715 scripturas
762 3636 929 3702 aliommve
951 3639 1154 3718 coniecturas,
1178 3643 1234 3705 sed

171 3757 209 3802 ne
230 3738 263 3803 id
285 3741 408 3821 quidem
430 3738 507 3802 mihi
527 3757 650 3820 prorsus
672 3739 829 3820 interdico,
852 3762 890 3807 ne
909 3745 1002 3812 liceat
1016 3748 1114 3813 autin
1130 3749 1233 3812 trans

170 3863 260 3907 cursu
281 3845 417 3910 vicinam
439 3847 506 3910 loco
530 3865 548 3910 a
568 3862 619 3908 me
642 3847 803 3910 emendato
832 3849 945 3914 bonam
974 3855 1111 3921 codicum
1133 3855 1231 3935 scrip-

168 3952 270 4014 turam
306 3952 344 4015 ab
371 3954 515 4036 neglectu
551 3948 704 4015 vindimre
742 3951 796 4014 aut
831 3958 1077 4026 emendationem
1108 3982 1230 4046 ponere,

169 4074 259 4137 quarn
283 4075 353 4122 curn
376 4059 441 4141 ipse
463 4060 616 4132 fecissem,
637 4058 746 4138 postea
764 4059 802 4124 ab
817 4061 877 4127 alio
891 4071 1075 4152 praeceptam
1098 4072 1228 4144 viderim
