2580 4530
627 287 686 343 Lib.
704 291 727 346 1.
1122 290 1162 352 79

102 480 282 559 vafrum,
320 485 362 549 in
395 485 518 550 Catulli
540 482 674 549 carmine
695 467 812 565 LXIV,
835 486 872 551 de
894 486 986 553 Peleo
1008 489 1041 553 et
1061 487 1205 568 Thetide,

107 608 135 652 u.
172 588 217 653 23
262 592 305 657 ct
342 592 409 671 24,
446 610 507 674 quo
536 590 674 673 exemplo
703 589 743 653 ad
774 587 945 671 andecam,
962 586 1208 676 interpolatio&
1238 667 1240 673 ,

111 694 184 759 nihil
220 697 280 761 est
321 692 530 776 illustrium).
579 683 738 760 Interdum
766 693 942 761 huiusmodi
968 698 1147 766 testimonio
1173 719 1209 769 cx

115 800 276 883 insperato
302 802 438 868 accedit
457 804 600 886 repertus
611 802 675 867 -aut
698 801 855 883 inspectus
874 804 1021 887 antiquus
1036 807 1146 889 alicnis
1158 826 1209 873 co·

120 906 180 983 lex,
203 908 263 991 qui
287 912 471 974 ceterorum
493 909 598 973 labem
619 908 737 992 effugit,
758 909 795 973 ut
815 909 847 972 in
867 909 1048 976 Catiliname
1072 913 1209 979 secunda

123 1011 278 1078 Ciceronis
304 1016 348 1077 27
367 1017 547 1080 revocatam
559 1013 703 1097 (primum
725 1033 745 1078 a
768 1013 1016 1105 Steinmetuiol'e
1037 1018 1158 1083 scholiis
1177 1021 1208 1084 et

127 1119 347 1200 grammaticis
367 1119 488 1184 dnobus
508 1138 615 1186 veram
630 1120 813 1202 scripturam
828 1122 1029 1199 '(ccnivere
1051 1134 1207 1206 possum

127 1225 417 1304 proconsulare
441 1226 521 1292 sibi
544 1226 740 1308 possunt)
767 1228 874 1310 postea
904 1227 963 1294 duo
992 1229 1111 1296 codices
1137 1230 1206 1296 con'-

130 1329 317 1405 munuum
355 1331 390 1396 in
423 1332 568 1397 Iuvenale
595 1331 718 1415 quidem
746 1350 818 1397 cum
846 1335 969 1400 scholiis
992 1337 1025 1401 et
1049 1337 1205 1404 Prisciano

131 1436 161 1499 in
186 1436 381 1502 huiusmodi
409 1438 486 1502 locis
508 1438 573 1502 fere
594 1441 649 1503 ant
669 1437 764 1502 codex
784 1437 963 1516 Pithoeanus
986 1443 1138 1507 consentit
1160 1444 1206 1519 (ut

132 1542 199 1619 vn,
213 1544 279 1607 139
302 1544 384 1609 etin
401 1544 542 1627 proxima
558 1545 651 1609 satira
661 1544 710 1607 ter
726 1542 759 1606 in
776 1542 922 1609 Laterani
936 1547 1060 1613 nomine
1074 1567 1129 1631 pro
1143 1549 1205 1613 Da·

129 1649 279 1732 masippi)
293 1651 352 1714 aut
362 1650 442 1715 alius
454 1650 566 1733 aliquis
582 1650 709 1727 (luae,
720 1648 807 1727 VIII,
825 1650 907 1729 155),
920 1650 945 1728 Ι,
960 1653 1019 1714 169
1030 1655 1142 1719 nullus.
1154 1653 1205 1720 Fit

130 1755 222 1819 etiam
245 1755 421 1832 inter-dung
443 1756 481 1819 ut
502 1754 584 1819 solus
607 1753 715 1819 subito
729 1773 765 1819 ex
790 1756 900 1838 angulo
923 1757 1024 1840 alque
1043 1777 1204 1842 emergens

128 1861 277 1944 antiquus
314 1860 410 1926 codex
435 1860 704 1943 interpolationem
736 1879 790 1943 per
817 1864 935 1928 ceteros
958 1862 1041 1928 varie
1063 1868 1203 1945 sparsam

129 1968 280 2050 coarguat
314 1984 483 2048 verumque
521 1965 622 2049 ipsum
654 1966 819 2044 contineat,
840 1969 883 2032 ut
898 1967 932 2032 in
953 1968 1057 2033 Ovidii
1077 1972 1203 2042 mctamr

130 2072 273 2148 ulnam
286 2089 356 2153 sqq.
368 2089 465 2155 nuper
487 2091 504 2136 e
527 2072 629 2136 codice
640 2072 799 2136 Marciano
812 2072 1023 2156 antiquissimo
1045 2074 1166 2157 prolata
1185 2092 1205 2139 a

128 2176 284 2242 llerlrelio
300 2195 359 2240 uec
378 2178 485 2241 tamen
505 2177 663 2242 intellecta
684 2179 738 2241 aut
759 2179 881 2260 arrepta
904 2178 952 2243 est
972 2182 1058 2246 recta
1079 2184 1111 2246 et
1132 2200 1205 2246 vera

129 2283 288 2365 scriptura
299 2282 355 2363 (de
368 2282 480 2347 Medea
496 2301 584 2347 sacra
599 2284 638 2347 ad
649 2283 796 2348 AEsonem
807 2286 1032 2366 recoquendum
1044 2289 1200 2370 parant-el:

208 2388 275 2453 His
299 2390 332 2452 et
352 2389 439 2452 mille
461 2389 530 2452 aliis
552 2391 717 2472 postquam
739 2388 804 2453 siue
827 2391 948 2455 nomiae
969 2393 1060 2457 rebus

208 2494 416 2576 Propositum
438 2494 584 2559 instruxit
603 2495 727 2559 mortali
751 2495 913 2560 barbara
934 2498 1078 2576 maius,

210 2599 331 2664 Auenti
352 2618 439 2664 ramo
461 2599 644 2681 iampridem
661 2601 747 2664 mitis
765 2601 853 2666 olivae

212 2705 335 2771 Omnia
357 2705 495 2770 confudit
514 2706 701 2789 summisque
722 2705 893 2770 immiscuit
913 2707 985 2773 ima.
1119 2786 1121 2791 Ι

128 2812 261 2878 llortali
283 2811 387 2876 maius
409 2812 523 2876 dicitur
542 2813 734 2895 propositum
757 2812 790 2876 et
811 2812 974 2876 consilium
995 2815 1204 2880 hominemex

128 2938 199 2984 eene
212 2919 366 2983 lunonem
388 2918 618 3000 recoquendi2).
666 2919 733 2982 Aut
752 2910 903 2982 scribendi
925 2939 1025 2985 errore
1049 2926 1103 2985 aut
1122 2920 1203 3003 quod

144 3238 167 3306 ¹)
200 3237 294 3291 Miror
314 3235 445 3297 animno
461 3233 662 3290 Lachmannum
680 3234 788 3304 quidem
806 3252 853 3305 pro
868 3236 911 3290 his
924 3238 1057 3293 versibus:
1075 3237 1203 3289 Heroes

204 3328 369 3391 salvete,
390 3327 488 3382 deum
506 3345 626 3398 genus,
651 3345 669 3403 Ιο
693 3328 776 3381 bona
799 3332 920 3396 mater,
949 3331 1014 3384 Vos
1037 3344 1094 3396 ego
1114 3343 1203 3395 sape

194 3437 287 3485 mec,
318 3436 376 3474 vos
403 3421 551 3474 carmine
582 3419 809 3489 compellabo,
840 3423 869 3477 in
888 3440 1000 3492 quorum
1019 3420 1104 3489 priore
1124 3420 1203 3474 unius

195 3514 280 3568 illiue
291 3513 390 3566 matris
400 3513 546 3581 appellatio
556 3511 754 3582 perversissima
767 3517 815 3580 est,
825 3514 854 3567 in
867 3515 950 3567 altero
967 3517 993 3566 et
1003 3512 1091 3565 inanis
1101 3513 1202 3580 repeti-

194 3610 242 3662 tio
262 3611 293 3661 ct
312 3605 440 3676 putidum
459 3604 529 3657 illud
548 3621 632 3675 sape
651 3603 803 3670 offendunt,
824 3623 838 3659 e
860 3600 969 3659 scholiis
988 3602 1150 3670 Vergilianis
1169 3604 1203 3658 ad
1249 3647 1251 3651 ⁷

194 3696 315 3755 AEneid,
345 3697 377 3758 V,
409 3699 448 3752 80
464 3712 598 3751 revocasse
623 3698 760 3767 egregiam
779 3696 951 3763 scripturam:
990 3695 1118 3749 Heroes
1137 3697 1204 3751 sal·

193 3798 293 3852 vete,
314 3789 411 3842 deum
429 3804 527 3857 gens,
547 3804 562 3841 o
581 3788 666 3843 bona
684 3793 828 3844 matrum
846 3787 1051 3853 Progenies,
1071 3790 1203 3845 salvete

193 3887 349 3946 iterum;
371 3897 432 3935 voe
453 3880 675 3950 compellabo.

137 3999 161 4067 'J
194 4001 240 4054 De
271 3997 410 4050 brevitate
443 3995 621 4063 comparandi,
651 4013 705 4065 qua
730 4012 773 4050 res
790 3992 899 4046 mortali
918 3993 1003 4047 maior
1020 3994 1127 4064 (lieltur,
1145 4016 1203 4067 qua

192 4091 289 4146 maior
310 4105 394 4158 quarn
414 4103 465 4156 pro
484 4086 593 4140 mortali
610 4089 658 4152 est,
672 4105 726 4142 non
744 4088 809 4156 puto
828 4100 894 4153 opus
914 4102 970 4142 esse
988 4087 1126 4158 disputare
1146 4090 1203 4156 (Gr.
