2626 4530
563 271 623 327 Lib.
641 272 665 329 Ι.
1046 264 1106 328 119

90 477 141 539 καὶ
154 466 177 558 ἦ
189 467 299 540 Kloo'
324 474 475 560 χαίρουσι
493 485 564 542 eolo
580 463 633 534 ἐπ’
646 463 793 557 α’ργαριῖῳ
810 469 1064 554 διασιθσιιὲνσις
1085 462 1149 534 adn

88 575 188 668 λόγον
211 581 268 659 (sie
279 578 535 664 wyttenbachius
557 594 611 658 pru
634 583 671 640 ἐν
688 571 762 664 α’ργ.
780 564 1033 664 διαδεχομένοις
1049 601 1078 640 τ.
1092 577 1144 655 h),

88 706 156 751 enm
194 688 275 760 haee,
306 686 448 768 inquam,
483 684 636 767 legerem,
661 684 798 750 intellexi
830 683 1049 765 eunomiique,
1084 699 1145 746 non

86 785 286 876 πρόσπολον
307 789 408 856 neseio
432 809 522 874 quem
544 809 562 854 a
586 790 751 854 Plutarcho
774 791 853 854 iram
874 789 1003 854 Veneris
1024 787 1145 852 subisse

86 898 156 971 diei,
180 897 236 962 sed
256 897 413 967 hominem
435 915 471 962 er
491 895 603 961 fabulis
624 899 742 972 notum,
765 897 850 962 ouius
866 895 938 959 filiae
952 889 1146 959 traderentur

85 1006 192 1086 primae
222 1020 347 1085 corpore
375 1004 526 1085 questum
555 1001 680 1077 fecisse3
719 1003 771 1066 sed
793 1002 826 1083 is
856 1001 924 1084 quis
951 1001 1047 1076 esset,
1083 1017 1144 1063 non

85 1110 283 1192 reperiebam
311 1108 389 1172 Εσσσ
401 1125 479 1172 anno
491 1109 561 1190 post
570 1127 640 1173 oum
653 1107 754 1173 Ovidii
766 1106 1025 1188 metamorphoses
1038 1105 1153 1188 legens,

84 1216 114 1279 in
136 1215 217 1281 libro
238 1213 267 1276 X
289 1213 328 1277 ad
349 1212 403 1276 hos
422 1231 527 1277 versus
550 1215 758 1294 pervenissem
781 1214 854 1294 (238
876 1217 974 1296 sqq.):

185 1319 264 1384 Sunt
283 1321 389 1382 tamen
406 1320 557 1384 obsoaenae
578 1319 728 1383 Venerem
749 1318 937 1402 Propoetides
958 1336 1040 1383 ausa

176 1443 251 1497 ‚esse
273 1442 386 1508 negare
407 1424 512 1500 deam;
534 1444 588 1508 pro
611 1444 669 1508 quo
691 1445 757 1503 sua,
774 1425 910 1490 numinis
929 1426 987 1508 ira²

184 1549 310 1613 corpora
333 1548 402 1594 eum
425 1531 524 1596 forma
544 1531 652 1613 primae
677 1531 819 1614 vulgasse
840 1531 989 1607 feruntur,

82 1640 231 1702 renovata
252 1636 410 1702 Plutarchi
431 1637 589 1714 memoria,
611 1637 702 1702 faoile
725 1626 792 1702 erat
814 1637 938 1717 ridere,
968 1635 1048 1719 apud
1070 1653 1141 1700 eum

82 1741 279 1809 scribendum
290 1761 357 1807 esse
372 1755 443 1816 σαῖς
454 1745 515 1808 eor}
533 1744 572 1807 Π
573 1743 781 1826 ρισπσίσοα
796 1737 1022 1835 θυγατρασιν,
1045 1760 1142 1825 quan·

82 1869 192 1932 quam,
222 1851 258 1913 ut
279 1850 317 1913 fit
335 1849 367 1913 in
388 1851 502 1914 talibus
523 1850 650 1929 fabulis,
682 1848 762 1933 apud
784 1848 929 1914 Ovidium
950 1850 1053 1913 Venus
1074 1848 1143 1930 ipsa

82 1974 179 2038 σασα
212 1973 304 2020 eausa
329 1956 518 2039 Propoetides
535 1957 591 2020 Χαἰ
625 1974 735 2039 eorpus
762 1956 949 2039 vulgandum
981 1953 1142 2037 impulisse

82 2061 211 2138 dicitu,
244 2061 323 2142 apud
344 2062 544 2127 Plutarchum
571 2063 610 2127 ob
631 2062 792 2148 vulgatum
823 2081 931 2145 eorpus
953 2061 992 2127 iis
1014 2079 1141 2127 suecen-

82 2167 222 2244 suisse¹).
271 2165 303 2230 si
328 2166 454 2243 Ovidius
477 2187 589 2233 nomen
609 2188 668 2234 non
681 2169 852 2251 posuisset,
873 2169 993 2234 ineerta
1012 2169 1043 2232 in
1065 2165 1141 2230 Plu-

82 2273 183 2337 tarchi
204 2273 271 2337 loeo
293 2273 422 2338 haereret
441 2273 592 2356 suspioio;
623 2294 721 2359 neque
745 2276 827 2345 enim
850 2275 924 2340 alibi
944 2275 1055 2339 fabulae
1077 2292 1144 2338 me·

82 2380 212 2444 moriem
242 2372 400 2461 superesie
427 2381 515 2461 put03
547 2398 585 2444 ne
615 2401 726 2447 nomen
759 2382 882 2465 quidem
908 2383 1009 2464 ipsum
1029 2382 1062 2445 in
1085 2379 1144 2444 alio

81 2485 205 2550 homine
232 2486 358 2567 reperio.
405 2485 473 2551 Non
507 2505 633 2564 nomen,
666 2489 720 2552 sed
755 2491 881 2553 verbum
914 2488 1010 2575 eene·
1038 2487 1142 2550 formae
1173 2468 1177 2477 ’

82 2593 209 2656 subesse
236 2609 415 2673 persuasum
442 2592 518 2656 mihi
545 2596 593 2658 est
620 2596 701 2677 apud
727 2595 959 2677 Xenophontem
984 2591 1140 2677 Cyropaed.

81 2698 120 2773 ΙΙ,
142 2699 172 2773 2,
198 2699 248 2773 11,
270 2715 326 2760 nee
347 2700 451 2762 tamen
472 2699 599 2782 reperio.
653 2701 735 2766 Nam
764 2703 834 2765 huie
861 2720 915 2784 per
936 2698 1142 2782 interrogandi

80 2805 212 2888 figuram
234 2802 446 2866 affirmationi:
490 2805 533 2870 Ti
555 2800 667 2872 ol'o'llo
689 2835 748 2893 ys,
780 2790 860 2892 εἰρή,
890 2813 920 2873 εἰ
940 2811 992 2892 μή
1014 2809 1141 2893 γέλωτα

80 2923 195 2974 ποιεῖν
218 2910 412 2984 letiorem
439 2909 548 2994 ignave
569 2932 691 2995 prorsus
713 2916 840 2979 relativo
861 2914 1037 2998 pronomine
1058 2911 1140 2976 idem

80 3017 274 3101 adiungitur:
297 3010 381 3100 ὑπὲρ
397 3004 438 3081 αὖ
452 3018 584 3103 λέγουσι
596 3022 702 3085 ταῦτα
716 3023 770 3085 καὶ
783 3016 1056 3100 α’λαζσνεύσνται.
1078 3017 1141 3080 Sub

77 3123 178 3188 tribus
206 3123 267 3187 illis
296 3117 380 3208 ὑπὲρ
403 3111 444 3189 εὖ
475 3127 606 3210 λέγουσι
638 3146 732 3191 unum
760 3128 839 3193 latet
865 3129 993 3193 verbum
1021 3122 1141 3206 signifi·

79 3231 200 3295 catione
214 3249 283 3293 oum
299 3223 568 3310 ἀλαζονεύεσθαι
586 3228 765 3315 cognatum
784 3236 819 3297 ut
839 3234 904 3297 haeo
919 3234 961 3297 sit
978 3228 1140 3294 sententiae

77 3337 192 3400 forma:
227 3328 465 3424 Tiri'c't'lioye,
489 3346 565 3424 ἔφη,
590 3344 620 3404 εἰ
641 3334 691 3424 ,αὴ
714 3341 841 3424 γέλωτα
864 3352 978 3403 ποιεῖν
1000 3337 1139 3399 ἐθέλον·

78 3467 134 3514 τες
152 3441 439 3528 [τερατσλσγσύσι]
453 3449 560 3511 ταῦτα
574 3448 628 3512 καὶ
646 3437 929 3525 dragonariensem
953 3441 1014 3505 Sed
1034 3441 1137 3521 ipsum

77 3550 339 3634 σερασολσγοὺσι
357 3552 455 3616 maius
468 3550 588 3616 videtur
611 3571 702 3634 quam
725 3571 779 3635 pro
801 3571 834 3616 re
856 3553 887 3615 et
907 3549 998 3629 paulo
1019 3546 1139 3630 longius

108 3805 129 3867 ¹)
151 3803 264 3859 Subesse
282 3800 352 3877 apud
371 3809 546 3865 Plutarchum
564 3814 648 3880 poetae
666 3824 786 3869 versum,
813 3804 878 3860 setis
897 3807 987 3873 patet3
1013 3806 1058 3860 sed
1076 3823 1136 3859 eum

148 3896 264 3952 editores
283 3901 356 3954 iusto
374 3902 521 3972 longiorem
544 3903 661 3957 faciunt:
696 3904 829 3969 πρῶται.
850 3940 856 3953 .
877 3938 882 3950 .
902 3900 1064 3973 νεανίαισι,
1089 3916 1137 3953 neo

149 3989 207 4057 ipse
225 3990 404 4048 choliambum
418 3995 536 4065 expedio.
569 3997 667 4050 Parum
685 4008 789 4062 quoque
808 3991 841 4044 ad
860 4007 914 4043 rem
935 3992 1137 4060 signifieendem

148 4086 242 4151 aptum
261 4086 367 4140 videtur
384 4092 464 4156 μίσεα
483 4091 626 4158 καταχέειν
644 4089 803 4143 νεανίσκων.
