2580 4530
153 263 193 325 10
588 262 693 318 Lib..I.

108 460 244 526 tionibus
266 459 406 525 foliorum
428 461 617 546 corrigendis
640 464 671 526 et
692 462 724 525 in
744 459 863 524 lacunis
885 479 1028 525 versuum
1050 461 1175 524 trunca-

109 568 210 631 torum
232 565 334 649 aliquo
355 566 445 631 modo
467 568 643 633 coniectura
664 587 700 632 ex
721 567 836 649 reliquo
852 567 996 631 'contextu
1009 565 1175 647 explendis.

111 673 168 737 llla
190 672 230 736 ad
251 691 359 737 omnes
382 669 501 737 codices
523 673 656 756 pertinet
676 675 708 738 et
735 673 886 737 latissime
914 674 1001 755 patet
1029 673 1115 737 labes
1144 673 1177 737 et

111 778 218 842 critica
240 780 304 842 arte
328 778 468 855 eluenda,
489 781 636 862 quantum
658 780 726 844 fieri
739 780 851 862 potest,
874 780 931 856 est,
954 797 1021 860 quae
1036 778 1068 841 in
1080 778 1177 860 scrip-

109 888 179 949 tura
201 904 219 949 a
242 884 385 962 librariis,
408 884 481 949 dnm
503 886 692 967 propositum
714 885 809 950 oculis
833 883 987 966 exemplar
998 887 1177 966 sequuntur,

110 990 218 1054 vitiata
240 990 385 1054 cernitur.
432 990 515 1054 Nam
546 991 684 1056 codicum
707 991 841 1055 dictante
863 991 960 1055 altero
982 990 1177 1072 scriptorum,

109 1095 327 1178 quodquidam
349 1095 510 1173 finxerunt,
533 1097 652 1160 nullum
674 1101 722 1162 est
742 1115 840 1179 neque
853 1096 885 1160 in
900 1094 1177 1178 subscriptionibus

110 1220 217 1284 neque,
239 1202 420 1290 quodcaput
442 1204 499 1279 est,
521 1203 553 1265 in
580 1202 702 1267 errandi
721 1201 883 1286 generibus
912 1201 1089 1285 vestigium,
1110 1220 1179 1283 quae

113 1307 216 1372 omnia
227 1307 362 1388 pendent
383 1308 421 1371 ab
444 1308 540 1372 oculis
565 1311 596 1373 et
617 1308 656 1373 ab
677 1308 834 1372 memmiae
856 1307 1011 1390 animique
1026 1307 1067 1385 vi,
1093 1307 1178 1394 dum,

111 1412 192 1495 quod
225 1412 306 1476 oculi
328 1411 471 1476 viderunt
492 1413 644 1478 vidisseve
665 1414 825 1490 videntur,
856 1433 950 1477 manu
971 1413 1179 1495 perscribitur.

110 1519 286 1601 (Apparent
319 1519 351 1582 in
385 1518 501 1585 Graecis
534 1520 688 1585 codicibus
727 1539 797 1584 rara
835 1519 966 1603 vestigia
999 1519 1180 1584 recentioris

112 1624 367 1708 pronuntiationis
389 1627 508 1692 vocales
532 1626 682 1709 quasdam
701 1625 924 1702 eonfirndentia
945 1626 981 1689 ut
1001 1625 1084 1706 apud
1106 1625 1180 1689 Pla-

109 1735 213 1796 tonem
242 1730 280 1795 de
317 1731 437 1815 legibus
462 1733 510 1796 Ill
537 1754 567 1815 p.
596 1731 655 1794 697
690 1731 713 1796 0
744 1730 948 1796 Schneiderus
984 1728 1079 1807 vidit,
1122 1732 1179 1794 ἐπὶ

112 1844 158 1904 ἔτι
191 1837 342 1920 seriptum
374 1856 442 1923 esse
473 1858 527 1920 pro
561 1840 616 1903 ἐπὶ
650 1847 719 1922 ἔτη,
749 1838 830 1920 apud
862 1835 1046 1900 Pausaniam
1074 1836 1180 1900 autem

113 1943 196 2020 VIII,
224 1943 275 2021 23,
305 1944 322 2005 7
350 1943 383 2008 in
409 1945 472 2009 cod.
495 1945 565 2008 Par.
594 1945 643 2009 est
664 1941 725 2009 ὅσα
759 1953 806 2008 ἔτι
830 1960 883 2024 pro
905 1938 967 2006 doe
992 1949 1049 2024 ἔτη
1071 1945 1181 2024 quot·

1 2045 18 2088 -’
111 2049 242 2127 annis,
276 2049 356 2133 quod
388 2051 469 2114 recte
505 2051 649 2116 scribitur
681 2051 737 2128 24,
778 2050 832 2126 11;
873 2067 979 2117 verum
1017 2048 1090 2111 haeo·
1118 2067 1181 2113 non

112 2154 254 2219 dietamo
287 2156 354 2220 orta
385 2156 468 2232 sunt,
503 2156 556 2219 sed
579 2155 660 2238 quod
691 2156 773 2219 inter
794 2154 874 2218 oculi
895 2154 927 2217 et
952 2173 1062 2218 manus
1085 2153 1182 2218 aetio·

111 2277 182 2323 nem
220 2260 321 2323 scriba
359 2259 511 2324 memoria
547 2260 694 2337 confindit,
727 2280 795 2342 quae
836 2278 911 2324 sono
946 2259 986 2323 ab
1017 2258 1085 2340 ipso
1120 2279 1184 2325 non

115 2363 391 2447 distinguebantur.
440 2364 616 2447 Eademque
628 2384 719 2429 eausa
730 2365 833 2443 efficit,
846 2365 926 2428 utin
938 2365 1056 2430 Latinis
1069 2367 1185 2432 codici·

111 2470 168 2534 bus
190 2467 437 2551 frequentissime
458 2468 479 2534 b
502 2471 574 2534 etv
596 2489 666 2534 cum
688 2470 772 2549 abbi,
786 2472 853 2536 tum
875 2470 1009 2535 manime
1026 2470 1059 2535 in
1073 2473 1185 2538 verbo·

112 2595 182 2639 rum
203 2575 466 2647 terminationibus
498 2578 710 2658 permutentur
732 2578 764 2640 et
784 2595 840 2658 pro
862 2577 1011 2640 amavit
1032 2577 1186 2644 scribatur

109 2678 270 2743 amabit
291 2681 456 2762 contraque
466 2682 518 2765 ¹).)
1031 2756 1034 2763 Ι

199 2783 353 2849 Librarios
364 2785 522 2870 increpant
531 2806 645 2868 omnes,
657 2787 797 2853 nonnulli
817 2786 872 2863 ita,
892 2786 937 2864 ut,
955 2805 1024 2850 cum
1036 2787 1184 2871 ignoran-

109 2892 185 2955 tiam
204 2890 235 2953 et
250 2891 406 2970 stuporem
418 2894 449 2956 et
460 2896 688 2978 neglegentiam
701 2913 805 2958 eorum
815 2892 1006 2977 gravissimis
1024 2894 1184 2974 proscide-

109 2994 181 3059 runt
202 2993 356 3072 conviciis,
380 2998 504 3062 eosdem
517 3000 642 3066 callidos
665 3000 815 3082 quosdam
837 2999 1014 3081 astutosque
1038 2999 1182 3066 homines

110 3187 306 3198 Μ.

118 3341 150 3410 .¹)
178 3339 262 3410 Turpi
280 3335 412 3391 oblivione
430 3338 575 3392 notimima
595 3339 635 3392 rei
653 3338 769 3392 Haesius
787 3343 861 3402 (nam
879 3335 1035 3392 Fickertum
1052 3355 1106 3393 non
1123 3342 1182 3396 tam

180 3434 275 3497 miror)
292 3430 321 3483 in
332 3427 438 3482 Seneca
454 3428 532 3498 epist.
551 3433 594 3492 95,
614 3432 649 3486 54
666 3430 826 3485 eoodicibus
844 3428 947 3498 posuit:
965 3431 1005 3483 ln
1024 3448 1181 3500 superva-

179 3542 274 3580 cuum
309 3525 474 3591 precepta
506 3522 707 3578 iactavimus
743 3522 903 3592 (superiores
943 3521 1002 3579 edd.
1039 3523 1180 3578 iactabi-

178 3623 270 3682 mus),
290 3616 357 3670 nisi
377 3614 465 3668 illud
484 3616 769 3683 precesseritoet„
788 3616 884 3668 ettoto
901 3614 958 3674 loco
979 3619 1008 3671 et
1025 3616 1116 3670 futuro
1135 3633 1181 3671 ex·

178 3714 237 3764 aeto
272 3709 402 3764 indicium
435 3703 596 3762 facientibus
624 3707 653 3762 id
679 3708 741 3772 dici,
761 3707 821 3776 quis
850 3709 962 3760 eventus
992 3707 1098 3762 iuturus
1132 3709 1177 3765 sit.

179 3802 232 3857 Sed
260 3801 333 3870 apud
365 3802 492 3856 Senecam
523 3799 610 3854 multa
634 3799 727 3857 eodem
757 3799 835 3854 modo
867 3815 954 3868 nuper
979 3800 1178 3855 administrata.

177 3893 278 3949 Contra
304 3894 377 3962 apud
408 3894 534 3949 Senecam
563 3891 673 3945 Rhetor.
692 3908 718 3960 p.
746 3893 799 3948 134
825 3891 887 3960 Bip.
917 3894 980 3960 (116
1008 3891 1108 3954 Bura),
1128 3891 1176 3945 ubi

177 3986 279 4041 editur:
299 3986 362 4039 Sed
379 4003 439 4041 nee
453 3986 514 4062 ille
527 3984 583 4039 diu
602 3983 910 4039 declamationibus
925 3982 1074 4046 vacabat,
1093 3998 1176 4051 pravo

176 4076 326 4148 imperfecti
343 4094 406 4143 usu,
426 4095 441 4133 e
458 4078 580 4133 codicum
598 4076 730 4146 scripture
745 4075 885 4132 vacabit
902 4075 935 4129 lit
953 4075 1102 4132 recepit.
