2580 4530
566 244 625 299 Lib.
644 245 668 300 1.
1054 250 1094 313 95

50 442 316 509 testimoniorum
334 441 367 507 in
389 441 515 509 scholiis
539 445 672 527 et‘apud
685 445 901 530 grammaticos
925 445 1058 528 aliosque
1080 447 1137 525 vis,

52 547 126 631 qnid
148 547 338 631 antiquitus
359 540 478 637 lectum
498 549 600 629 fuerit,
623 551 860 627 ostendentium,
882 552 918 615 nt
939 552 1039 616 omnis
1061 553 1136 631 baec,

54 673 118 737 qnae
149 652 276 717 mediae
304 652 387 719 inter
413 656 543 740 antiqua
569 659 600 722 et
629 676 709 722 nova
735 658 875 739 tempora
900 657 1000 722 aetatis
1023 658 1136 723 seculis
1206 652 1209 661 “

55 759 181 825 codices
204 758 401 841 inquinavit,
423 760 601 843 depravatio
623 766 761 829 arceatur
788 764 843 827 aut
863 764 995 846 pellatur
1016 763 1137 829 coniec-

56 870 198 949 turaeque
226 883 319 948 paene
350 865 453 932 aditus
484 870 690 950 praecludatur
721 870 775 934 aut
805 869 1010 952 perangustus
1042 869 1136 934 relin-

58 976 190 1056 quatur,
224 970 329 1061 qualis
350 971 481 1039 Homeri
507 975 694 1060 Vergiliique
722 975 856 1040 condicio
883 974 945 1051 est,
981 975 1136 1058 aquibus

60 1098 114 1143 non
137 1078 191 1142 ita
213 1078 310 1162 longe
339 1079 505 1155 Horatium
532 1080 644 1145 distare
672 1081 773 1146 iudico
800 1079 1035 1163 cautissimeque
1065 1099 1137 1144 enm

61 1183 197 1267 attingo;
239 1183 372 1249 aliorum
394 1186 536 1269 antiquos
555 1187 590 1271 et
614 1186 709 1252 bonos
739 1185 858 1251 codices
879 1185 1048 1261 habemus,
1081 1184 1137 1249 sed

61 1296 163 1354 tamen
190 1291 226 1354 et
250 1290 342 1355 aetate
365 1291 397 1355 et
418 1292 600 1357 auctoritate
622 1293 779 1357 inferiores
803 1292 834 1355 et
856 1290 1029 1373 panciores,
1057 1291 1136 1356 raris

62 1396 288 1461 accedentibus
321 1399 407 1462 extra
440 1395 561 1462 codices
592 1397 793 1474 testimoniis,
826 1398 862 1460 nt
890 1396 1071 1461 coniecturae
1092 1398 1137 1461 ¹ot

61 1522 130 1567 usus
160 1521 228 1567 non
257 1521 370 1584 parvus
400 1503 442 1568 sit
471 1503 505 1568 ot
531 1504 715 1569 adminicula
743 1502 848 1578 firma,
884 1501 983 1584 qualis
1011 1501 1060 1584 (ut
1088 1502 1136 1567 his

62 1612 126 1673 ntar
150 1609 324 1691 exemplis)
346 1627 428 1673 nunc
450 1609 589 1675 Platonis
616 1611 681 1675 fors
703 1609 797 1675 totius
818 1607 945 1675 fortuna,
961 1608 1010 1671 est
1031 1609 1062 1671 et
1082 1606 1136 1673 ci·

63 1715 181 1780 ceronis
215 1714 251 1778 in
283 1733 399 1798 magna
435 1733 562 1796 opernm
583 1717 690 1798 parte,
724 1733 898 1798 quanquam
925 1712 957 1776 in
988 1712 1036 1776 his
1059 1711 1135 1793 ipsis

63 1820 160 1904 mgis
184 1819 289 1896 varia;
324 1820 387 1884 alia
415 1819 547 1903 denique
568 1821 708 1885 veterum
730 1838 823 1904 opera
844 1819 897 1883 aut
918 1817 1038 1882 mature
1060 1838 1136 1902 neg·

62 1925 204 2009 legenter
227 1925 362 1991 describi
385 1927 418 1990 et
443 1926 579 2009 graviter
605 1926 709 1992 vitiari
738 1928 840 2008 coepta
860 1924 933 1988 snnt
954 1923 1008 2018 aut
1028 1942 1136 1997 recen-¹

62 2032 191 2097 tionibus
223 2034 350 2096 tantum
378 2034 411 2097 ot
443 2032 636 2113 interpolatis
664 2033 818 2111 codicibus
848 2029 1041 2094 continentur
1054 2077 1068 2104 ,.
1101 2032 1136 2095 nt

63 2139 242 2203 coniectura
266 2138 369 2202 multa
396 2139 525 2222 egeant,
558 2138 611 2202 sed
640 2158 689 2215 ea,
726 2137 758 2201 in
787 2156 845 2219 quo
882 2135 949 2200 tuto
977 2134 1134 2213 consistat,

62 2246 105 2308 rir
135 2244 297 2339 inveniat,
329 2244 390 2310 etsi
420 2245 456 2309 in
486 2245 666 2326 quibusdam
696 2241 922 2325 depravationis
953 2241 1134 2324 simplicitas

61 2351 196 2415 adiuvat.

525 2616 610 2713 Cap.
638 2615 684 2678 Il.

101 2772 274 2828 Mendorum
293 2766 516 2838 corrigendorum
534 2769 578 2822 via
596 2768 714 2822 breviter
731 2767 895 2820 monstratur
913 2766 940 2817 et
957 2762 1086 2832 exemplis

528 2861 685 2916 declaratur.
748 2882 768 2898 ν

136 2981 293 3045 Primum
325 2978 374 3042 est
408 2976 629 3041 emendationis
661 2975 812 3050 initium,
838 2973 905 3047 sine
932 2992 990 3055 quc
1022 2969 1136 3036 tentari

57 3089 244 3152 coniectura
267 3103 331 3148 non
354 3083 456 3159 debet,
480 3083 625 3146 mendum
651 3081 861 3147 demonstrare
884 3082 915 3143 et
941 3079 1030 3142 cortis
1055 3076 1137 3141 indi·

56 3197 105 3259 ciis
142 3192 338 3257 convincere
378 3192 432 3254 ant
470 3189 579 3253 saltem
610 3188 655 3251 ita
689 3174 887 3269 probabiliter
922 3201 1063 3268 arguere,
1102 3183 1137 3245 ut

54 3302 142 3366 instae
174 3295 354 3380 suspicioni
384 3295 426 3358 sit
452 3295 554 3369 lccus;
590 3293 623 3356 in
651 3313 709 3374 quo
740 3296 811 3357 ante
837 3291 940 3356 omnia
970 3285 1136 3351 tenendum

54 3412 112 3483 est,
138 3407 189 3471 sic
223 3421 296 3468 esse
320 3399 514 3464 coniunctam
536 3399 720 3479 scriptorum
741 3396 1024 3478 interpretationem
1047 3409 1135 3453 enar-

52 3513 279 3591 rationemque
303 3508 336 3570 et
358 3506 496 3568 criticam
524 3506 636 3580 artem,
666 3506 702 3567 ut
722 3504 787 3567 haec
815 3503 861 3565 illi
889 3498 1022 3579 primum
1052 3495 1135 3558 recto

53 3619 200 3683 codicum
220 3633 284 3679 usu
302 3612 422 3675 textum
444 3612 596 3691 praeparet
617 3613 796 3693 purgetque,
818 3603 927 3669 deinde
950 3600 1017 3681 ipse
1039 3599 1078 3662 ab
1100 3618 1136 3662 oa

52 3725 152 3789 denno
190 3720 348 3786 evocetur
381 3717 412 3778 et
439 3714 478 3779 ad
511 3717 680 3780 conandum
709 3712 889 3795 instigetur,
922 3724 990 3769 cum
1023 3703 1056 3767 in
1090 3723 1136 3781 ec,

53 3832 101 3913 qui
124 3850 143 3894 e
168 3824 340 3893 codicibus
362 3819 547 3885 constitutus
571 3823 620 3899 sit,
642 3823 729 3886 textu
745 3812 907 3882 enarrandi
929 3831 1053 3895 operam
1074 3830 1136 3875 non

53 3941 136 4002 recte
159 3931 341 4018 procedere
369 3946 426 3990 nec
450 3914 568 3992 abs'clvi
597 3947 685 4010 posse
713 3923 904 3987 intellectum
929 3920 980 3984 sit.
1029 3918 1137 3999 Itaque

54 4044 171 4117 omnia,
204 4057 281 4123 quae
305 4034 442 4098 inbono
465 4037 653 4111 enarratore,
685 4030 791 4095 eadem
813 4027 845 4090 in
869 4028 973 4092 critico
996 4043 1062 4090 esse
1085 4023 1138 4085 do-
