2580 4530
150 233 212 296 274
467 249 472 259 ¹
582 230 642 286 Lib.
659 231 698 286 11.

109 426 225 499 οὐκέθ’
247 425 368 516 uiperae
400 444 512 517 μιμεῖ.
570 427 658 508 Quod
684 429 716 493 in
743 432 867 518 incertae
893 430 1005 495 fabulae
1030 429 1154 495 versibus

110 539 189 622 apud
218 537 408 604 Clementem
436 537 545 603 Strom.
569 536 617 599 Ill
638 556 667 619 p.
693 536 753 598 520
783 535 911 602 servatis
945 537 992 614 (fr.
1020 535 1092 612 900)
1112 553 1156 616 pro

110 641 261 729 ἄφρονας
281 643 403 709 restitui
427 641 581 728 ἄρσενας,
604 643 723 705 eertum
746 643 803 706 est.

210 752 426 833 Antequama
452 748 577 834 tragicis
605 746 744 824 discedo,
773 746 885 811 eddam
920 746 1078 832 egregiam
1112 747 1162 811 loci

110 856 306 940 AEschylei
328 855 573 921 emendationem
588 854 627 919 ab
638 853 682 919 Io.
696 853 730 915 V.
743 851 893 934 Pingelio,
915 852 1076 917 carissimo
1099 853 1167 917 olim·

111 962 262 1037 auditore,
294 962 346 1044 qui
379 980 459 1027 nunc
492 960 524 1024 in
565 958 634 1024 aliis
668 957 803 1022 scientiae
829 948 993 1040 generibus
1025 958 1166 1035 elaborat,

111 1088 232 1135 meeum
266 1067 522 1132 communicatam
555 1082 705 1147 supraque
740 1047 840 1128 errore
873 1062 1031 1129 omissam.
1091 1065 1166 1130 Nam

111 1173 265 1238 Prometh.
288 1191 317 1236 u.
341 1173 403 1233 460
425 1192 470 1254 sq.
494 1171 589 1235 edunt
609 1188 705 1234 nunc:
1192 1154 1200 1176 χ

331 1305 334 1308 ’
525 1269 736 1363 γραμμάτων
758 1301 794 1340 τε
818 1280 997 1349 συνθέσεις

262 1376 402 1478 μνήμης
419 1373 589 1447 -οἶπᾶντοον
607 1375 840 1466 μονοομήτοό
862 1375 1019 1469 ἐργάνην.

213 1488 273 1552 Sed
299 1486 419 1551 codices
447 1479 592 1572 μνήμην
619 1488 748 1564 habent,
778 1488 856 1571 quod
883 1507 902 1553 a
926 1483 1169 1574 μουοομήτορα

113 1593 203 1659 evelli
233 1611 292 1658 non
322 1592 396 1658 sinit
427 1593 588 1659 notissima
605 1594 708 1659 fabula
733 1593 769 1657 de
791 1595 992 1679 Mnemosyne
1015 1596 1170 1661 Musarum

113 1697 238 1775 melre(
277 1700 384 1783 Neque
422 1694 561 1786 ἐργάνη,
601 1690 680 1784 quod
720 1700 885 1765 aStobaeo
921 1702 1081 1783 sumptum
1118 1704 1171 1777 est,

116 1824 249 1889 unquam
271 1825 325 1888 per
358 1825 390 1871 se
422 1827 477 1889 pro
505 1807 696 1872 substantivo
725 1807 762 1870 de
783 1804 934 1871 effectuae
959 1806 1080 1871 dicitur.
1138 1809 1170 1870 ln

114 1912 178 1977 cod.
206 1912 344 1977 Medioeo
379 1931 397 1977 a
425 1913 523 1996 prima
557 1933 650 1978 manu
678 1915 725 1978 est
756 1915 878 1977 tantum
906 1918 972 1997 ἐρν,
1000 1913 1099 1977 multo
1127 1933 1172 1978 re-

114 2019 231 2083 centior
275 2011 426 2104 ἐρμέοιν·
452 2014 592 2101 explevit.
651 2018 834 2084 Rectissime
877 2016 972 2101 igilur
1017 2018 1172 2102 Pingelius

114 2126 206 2190 scribi
231 2125 311 2188 vult:

235 2224 378 2313 μνήμην
400 2223 564 2325 (ἱμάντων
586 2224 817 2314 μουσομήτορ’
841 2222 1064 2315 ἐργμάτων.
1162 2257 1165 2260 ’

555 2511 638 2593 Cap.
658 2512 727 2575 ill.

194 2661 393 2729 Aristophanes.
412 2662 571 2731 Apollonius
589 2663 716 2727 Rhodius,
737 2663 925 2728 Callimachus,
940 2663 1106 2718 Theocritus.

215 2776 266 2839 Ad
299 2779 469 2841 ceterorum
501 2781 612 2861 praeter
643 2779 777 2862 tragicos
804 2780 967 2862 poetarum
1001 2778 1175 2846 Graecorum

117 2901 210 2965 opera
231 2882 422 2947 emendanda
448 2904 515 2967 quae
544 2885 649 2949 afferre
671 2902 811 2966 possum,
833 2904 893 2950 nno
915 2885 1013 2968 eapite
1037 2903 1176 2968 eompre-

117 2988 267 3064 hendam3
289 3007 386 3071 neque
409 2990 490 3055 enim
512 2990 600 3055 valde
622 2990 720 3055 mulla
742 2992 822 3056 sunt.

219 3094 466 3181 Aristophanem
498 3116 568 3161 cam
596 3115 623 3160 a.
657 3096 737 3160 1858
766 3099 920 3179 postremo
948 3096 1048 3160 totum
1079 3099 1178 3178 perle-

119 3220 232 3286 gerem,
257 3220 323 3283 quae
349 3202 495 3265 annotavi
522 3203 702 3267 annotatave
730 3222 748 3267 a
776 3222 825 3266 me
853 3204 945 3267 antea
972 3202 1096 3285 probavi
1123 3222 1179 3266 nec

119 3311 226 3390 postea
259 3307 297 3370 ab
327 3305 394 3370 aliis
422 3310 571 3387 occupata
602 3309 732 3391 cognovi
766 3310 814 3385 (ut
842 3308 948 3372 statim
981 3306 1012 3370 in
1035 3305 1179 3371 'Acharn

122 3412 202 3474 1062
225 3413 316 3477 αἰτία
339 3431 358 3476 a
379 3408 562 3492 Blaydesiea
585 3412 635 3476 hic
655 3432 775 3495 ponam.

220 3518 359 3584 thann.
392 3536 421 3581 v.
445 3515 524 3575 1209
552 3535 611 3580 nou
635 3519 751 3583 imitari
773 3517 969 3599 Dicaeopolim
991 3519 1181 3583 Lamachum

121 3621 304 3701 eiulantem,
336 3623 391 3688 sed
410 3623 512 3705 ipsum
541 3621 695 3705 voluptate
724 3623 930 3707 perfruentem
955 3622 1045 3686 illum
1073 3623 1181 3700 ridere,

120 3728 204 3791 recto
236 3729 329 3794 etiam
363 3750 381 3794 a
410 3728 541 3812 Bergkio
568 3727 762 3793 *intellectum
790 3727 892 3803 uideo;
923 3726 978 3790 sed
1004 3728 1079 3792 nihil
1106 3749 1182 3812 opus

122 3832 170 3896 est
201 3835 448 3919 transpositione;
488 3835 609 3899 tantum
640 3820 738 3897 verha‘
767 3834 850 3898 reete
886 3832 1111 3911 distribuenda,
1150 3838 1184 3899 ut

123 3936 296 4003 Lamachus
319 3959 447 4024 querens
467 3939 648 4024 ingeminet:

365 4041 525 4131 στυγερὸς
547 4040 622 4132 ἐγώ,
644 4035 792 4131 μογερός
814 4036 886 4127 ἐγώ,
