2580 4530
212 262 273 325 392
635 258 767 321 Lib..111.

173 459 224 550 μή
248 465 302 529 ἐπὶ
325 458 363 530 ου’
386 458 424 528 ἓν
446 456 568 537 εὐθύς,
604 455 676 527 ἀλλ’
699 455 752 527 ἐπ’
773 455 928 547 α’ριθγιόν
948 486 1026 528 τινα
1042 476 1232 530 κατανοεῖν.

174 571 242 635 Aut
263 564 504 647 κατανύειγ,
526 569 559 633 in
582 569 659 652 quod
682 568 901 634 Stallbaumius
923 569 1042 650 incidit,
1067 571 1122 636 sed
1147 572 1234 635 dese·

172 676 247 754 ruit,
270 680 324 743 aut
346 683 569 753 καταθεῖν,
591 674 763 763 imagines
783 675 852 740 navi
874 676 1006 758 sumpta,
1026 677 1234 744 scribendum.

177 782 273 847 Paulo
282 787 358 866 post
374 783 467 848 eood.
479 773 575 848 Onon.
598 780 808 846 scribendum:
832 776 875 855 ὠς
898 776 996 869 λόγος
1018 787 1055 847 ἐν
1067 774 1235 867 Αἰγύπτῳ

179 881 280 956 &odd
301 915 377 954 τινα
406 891 529 955 τοῦτον
560 890 741 975 γενέσθαι,
774 874 895 975 λέγων,
932 883 976 962 οἷς
998 890 1132 972 πρῶτος
1155 896 1235 972 (proz

173 998 336 1082 γενέσθαι
360 989 478 1083 λέγων,
500 990 544 1069 ὂς
559 993 716 1079 πρῶτος).7

277 1102 341 1168 lbd.
354 1122 385 1184 p.
394 1102 477 1176 26D‚
499 1099 756 1183 quomadmodum
777 1095 816 1166 uo*
839 1098 984 1185 ἄπειρον
999 1105 1031 1167 et
1044 1101 1145 1165 multa
1159 1121 1237 1183 prae-

179 1206 282 1271 buisse
299 1227 412 1292 genera
434 1209 466 1272 et
485 1207 590 1271 tamen
612 1206 644 1270 in
665 1206 714 1272 his
735 1226 830 1272 unum
853 1192 1028 1291 apparuisse
1050 1206 1177 1282 dieitur,
1195 1208 1238 1272 sio

179 1312 273 1376 etiam
295 1305 332 1378 ’τό
356 1319 460 1397 πέρας
483 1313 542 1377 dioi
569 1313 659 1377 debet
684 1313 848 1411 utrumque
875 1314 976 1400 aliquo
996 1313 1088 1378 modo
1110 1313 1238 1390 habere3

180 1416 284 1500 itaque
306 1419 337 1483 in
362 1420 427 1485 his:
463 1421 517 1484 καὶ
544 1411 618 1503 μήν
644 1412 681 1482 τό
709 1444 747 1505 γε
776 1425 881 1502 πέρας
910 1415 987 1484 οὔτε
1007 1413 1127 1511 πολλοὶ
1152 1417 1239 1506 εἶχεν

180 1516 251 1588 οὔτ’
285 1525 570 1609 ιε’-δυσκολαίνομεν
605 1522 649 1596 oo‘c
681 1519 742 1591 οὐκ
775 1517 820 1610 ἦν
853 1520 892 1591 ἓν
923 1520 1032 1609 φύσει,
1065 1524 1176 1590 vitioso
1207 1527 1239 1590 in

179 1628 278 1710 priore
307 1633 444 1697 membro
469 1633 592 1697 omnino
621 1633 752 1715 negatur
777 1634 877 1697 multa
897 1632 1048 1698 habuisse.
1092 1630 1240 1696 Scriben-

138 1749 143 1759 '
180 1733 254 1798 dum
275 1735 407 1804 ridetur:
440 1734 519 1804 οὔτε
542 1732 651 1803 πολλα
682 1736 831 1824 εἶργεν.
885 1736 1078 1822 Εοοοίὶροίο
1098 1738 1186 1803 lusus
1208 1738 1240 1800 in

177 1839 234 1906 hoo
254 1844 346 1908 verbo
370 1863 439 1923 oum
461 1839 499 1910 τό
522 1847 626 1928 πέρας
648 1845 811 1910 ooniunoto.
855 1877 858 1888 =
1055 1922 1056 1926 ρ

225 2000 226 2008 ,
279 1949 344 2013 Ibd.
355 1950 466 2034 1).th
488 1969 549 2015 non
572 1969 608 2016 ex
629 1945 750 2036 μικρός
772 1957 898 2022 ἐκεῖνος
918 1948 1093 2014 faciendum
1115 1942 1241 2033 μικτόν

183 2057 305 2119 ἐκεῖνο.
341 2058 395 2121 sed
421 2076 551 2141 prorsus*
566 2057 738 2122 tollendum
767 2055 1012 2122 additamentum
1041 2054 1239 2138 adscriptum,

182 2179 253 2225 oum
279 2181 338 2226 non
365 2162 596 2247 intellegeretur
630 2163 800 2228 subiectum
831 2181 898 2227 esse
930 2154 968 2226 ud
996 2161 1112 2244 τρίτον
1134 2166 1240 2248 γένος.

181 2265 267 2348 (Νοο
288 2269 391 2334 minus
412 2269 638 2351 pravumillud
659 2288 689 2351 p.
712 2269 750 2329 47
774 2268 814 2332 E:
843 2281 915 2342 τοῖς
936 2262 1066 2352 θυμοῖς
1089 2269 1145 2333 καὶ
1168 2279 1242 2338 ταῖς

179 2366 319 2460 ὀργαῖς.)
731 2362 735 2368 ’

280 2481 347 2548 Ibd.
359 2501 388 2562 p.
402 2481 441 2540 28
454 2483 483 2544 A
497 2479 671 2562 recipienda
687 2481 735 2544 est
751 2477 863 2543 oodiois
876 2481 917 2545 Π
935 2485 982 2558 (ex
993 2479 1118 2561 optimis
1129 2481 1241 2559 tribus)

180 2588 280 2671 prima
301 2587 452 2669 scriptura
474 2575 498 2672 ᾧ
520 2591 584 2670 (pro
607 2580 662 2662 οἷς)
686 2588 866 2671 παρέχεταί
888 2572 920 2652 οι
941 2591 1045 2671 μέρος
1066 2600 1142 2658 ταῖς
1164 2580 1243 2670 ἦδο-

181 2707 257 2766 γαῑς
281 2686 433 2779 α’γαθόο,
463 2696 499 2758 ut
520 2702 698 2778 παρέχεται
725 2693 846 2776 passive
874 2693 1076 2776 intellegatur
1097 2693 1242 2777 idemque

180 2799 332 2864 efficiatur
344 2820 461 2878 sensus,
483 2818 572 2882 quem
585 2799 804 2863 Stallbaumius
827 2797 844 2864 d
868 2799 1024 2891 scribendo
1048 2800 1211 2864 efficiebat.
1219 2799 1242 2877 ¹)

280 2906 347 2972 Ibd.
369 2926 399 2988 p.
412 2907 450 2967 37
469 2907 501 2968 Β.
544 2905 652 2989 Neque
672 2906 738 2970 haeo
758 2906 920 2971 uerborum
941 2906 1052 2970 forma:
1081 2907 1136 2991 Τῷ
1160 2911 1243 2971 ποτὲ

182 3003 246 3078 οὖν
274 3009 315 3096 δή
339 3004 452 3099 τρόπῳ
481 3063 488 3078 .
513 3061 520 3077 .
546 3062 553 3076 .
583 3017 673 3098 φιλεῖ
700 3013 792 3077 reetae
816 3012 1049 3095 interrogationi
1075 3011 1243 3076 admodum

180 3121 326 3185 convenit
348 3120 444 3198 (Τίνι
467 3114 542 3184 ποτ’
565 3111 629 3186 οὖν
650 3116 779 3204 τρόπῳ)
800 3137 897 3202 neque
919 3120 989 3202 apto
1011 3116 1081 3182 huie
1106 3117 1242 3183 Socratis

181 3224 413 3309 interrogationi
424 3227 607 3292 Protarchus
617 3227 662 3292 ita
673 3226 842 3309 respondet,
864 3227 900 3289 ut
910 3228 1031 3290 tantum
1047 3223 1244 3306 quaerendum

180 3316 325 3398 affirmet.
373 3332 498 3398 Codices
521 3352 580 3397 non
607 3335 669 3418 τῷ,
695 3333 751 3398 sed
782 3327 846 3416 ὅτῳ
875 3330 998 3396 habent.
1041 3329 1260 3394 Soribsndum·

180 3439 276 3522 igitur
295 3424 437 3513 ridetur,
467 3458 540 3504 roeo
560 3458 623 3503 una
648 3438 819 3522 geminata:
857 3432 964 3522 Ὅτῳ
994 3439 1076 3500 ποτὲ
1108 3427 1172 3502 οὖν
1201 3429 1243 3519 δή

181 3538 296 3632 τρόπῳ
395 3540 521 3630 ὁμοίως
542 3547 693 3631 εἴληφεν,
715 3543 889 3609 σκεπτέον.
926 3541 1005 3606 ΠΡ.
1030 3545 1243 3608 >laomedon

181 3769 380 3776 ἡ...-

211 3896 233 3962 ¹)
254 3898 284 3952 P.
302 3902 337 3954 30
355 3899 378 3953 Ε
398 3916 431 3954 ne
449 3901 511 3969 quis
528 3916 559 3954 ex
579 3903 628 3970 τῆς
649 3899 712 3968 post
728 3897 824 3966 γένους
841 3896 1009 3966 (amorinum)
1027 3898 1173 3953 extundere
1190 3899 1243 3953 ali·

254 3991 319 4060 quid
338 3996 446 4048 conetur
464 3993 551 4061 (velut
574 3992 670 4061 γένους
694 3989 778 4058 ἔτην),
808 3989 986 4045 animadverti
1011 3991 1091 4044 velim
1114 3991 1199 4045 etiam
1216 4008 1243 4059 p.

252 4083 320 4140 520
339 4089 388 4155 τῆς
405 4102 512 4155 prorsus
529 4101 610 4157 prave
626 4083 748 4140 additum
763 4097 829 4138 esse.
