2580 4530
154 241 215 303 466
577 241 638 299 Lib.
657 242 709 298 111.

212 437 279 501 Lib.
306 437 350 502 IV
374 441 435 503 cl
472 440 540 520 post
571 439 651 505 mod.
685 441 726 519 (1,
753 439 805 516 4);
848 432 930 523 Χρὴ
954 439 990 505 δὲ
1011 435 1173 524 τοιαύτην

116 546 329 629 εἰσηγεῖσθαι
358 541 468 620 τοίξιν,
497 540 541 630 ἢν
564 545 683 629 ῥᾳδίως
713 552 747 609 ἐκ
774 527 842 608 τῶν
871 539 1096 631 ὑπαρχουσῶν
1118 547 1171 611 καὶ

113 643 365 732 πεισθήσονται
398 653 452 716 καὶ
482 644 685 736 δυνήσονται
714 664 904 724 κοινωνεῖν,
932 645 975 735 οἷς
999 662 1093 718 ἔστιν
1111 646 1172 718 οὐκ

114 757 255 821 ἔλαττον
283 765 382 843 ἔργον
415 753 453 822 τό
483 759 723 843 ἐπανορθῶσαι
751 757 936 822 πολιτείαν.
988 757 1173 824 Perversum

114 863 146 926 et
175 861 214 926 ad
247 864 504 928 constructionem
535 861 604 947 (ἦν)
638 866 670 929 et
700 865 739 929 ad
771 864 955 929 sententiam
989 875 1172 929 αοινανεῑν.

115 967 227 1052 Agitur
252 968 332 1032 enim
352 967 393 1032 de
416 969 549 1034 transitu
571 989 590 1034 a
609 969 708 1036 forma
729 970 917 1052 reipublice,
946 960 1100 1052 quae'iam
1122 969 1172 1047 sit,

114 1074 153 1138 ad
181 1073 275 1139 aliam
299 1075 467 1139 meliorem.
528 1075 726 1141 Scribendum
757 1075 877 1142 videtur
911 1076 1089 1140 recoctio
1120 1077 1173 1140 aut

112 1194 396 1247 καινοποιεῖν.

212 1286 278 1370 Ibd.
301 1289 359 1350 c4
381 1286 534 1368 aliquanto
556 1288 624 1370 post
646 1288 712 1351 init.
742 1288 785 1370 (3,
806 1289 853 1364 9);
870 1283 1014 1370 Ὥσπερ
1038 1278 1120 1362 οὖν,
1136 1290 1172 1354 εἰ

112 1385 197 1478 ζρίσυ
219 1386 469 1479 προῃρούμεθα
494 1395 612 1477 λαβεῖν
632 1393 719 1477 εἴδη,
743 1394 878 1475 πρῶτον
899 1387 1171 1478 α’πσδιαιρίζσμεν

110 1495 197 1583 ὅπερ
227 1492 414 1585 αναγκαῖον
441 1499 514 1564 ποὶν
543 1509 629 1585 ἔχειν
657 1500 752 1584 ζῴον,
776 1524 803 1564 ιι.
826 1525 853 1563 τ.
876 1503 906 1564 λ.
949 1500 1170 1566 Scribendum:

111 1608 249 1691 πρῶτον
272 1600 293 1670 οἳ
302 1631 321 1670 ν
344 1606 604 1689 διορίζομεν.
638 1606 795 1670 Particula
817 1606 924 1671 abesse
944 1607 1060 1690 nequit,
1084 1599 1171 1672 α’πο-

112 1713 269 1797 δισρίζειν
290 1713 381 1795 (quod
403 1704 574 1797 α’φορίζειν
596 1711 718 1789 dicitur)
740 1711 874 1777 alienum
896 1714 953 1775 est.
1081 1776 1084 1784 ,

210 1819 277 1884 Ibd·
296 1838 320 1883 c.
342 1819 363 1879 4
385 1819 459 1882 extr.
481 1819 523 1896 (4,
545 1820 591 1896 7):
630 1823 690 1885 Δεῖ
711 1812 775 1904 γσῖρ
798 1812 860 1883 τόν
888 1822 953 1903 μὲν
975 1810 1086 1901 νόμον
1108 1815 1168 1900 σίρ-

110 1947 182 2011 χειν
209 1919 366 1999 πάντων,
389 1925 468 1989 τών
496 1925 529 1990 δὲ
558 1918 639 1990 καθ’
666 1935 787 1990 ε’ῖιαστα
815 1919 876 1996 urio
898 1918 1002 2009 α’ρχοῖς
1025 1926 1081 1991 καὶ
1105 1920 1168 2009 τήν

111 2033 288 2098 πολιτείαν
312 2030 448 2112 κρίνειν.
492 2031 592 2098 Setini
613 2032 745 2113 oportet:
768 2025 831 2102 τοὶς
853 2022 968 2115 α’ρχιλς,
992 2032 1048 2095 καὶ
1070 2025 1168 2099 τανί-

111 2164 186 2224 arpo
209 2138 385 2204 πολιτείαν
407 2138 543 2220 κρίνειν,
566 2140 597 2202 et
611 2139 691 2201 hano
705 2137 828 2201 demum
850 2142 928 2219 (quae
943 2137 987 2200 ita
1002 2133 1169 2202 constituta

114 2247 166 2323 sit)
188 2244 414 2327 rempublicam*
431 2247 548 2326 putare.
1083 2295 1086 2299 ,

130 2395 132 2399 >
210 2349 277 2413 Ibd.
300 2351 361 2413 σ.9
385 2352 460 2414 extr.
488 2352 528 2426 (7,
552 2351 596 2426 6):
630 2352 690 2415 Δεῖ
713 2399 720 2413 .
745 2396 752 2411 .
778 2396 785 2411 .
812 2350 865 2412 καὶ
895 2344 1064 2426 σώζεσθαι
1093 2343 1167 2432 (τήν

111 2458 304 2530 πολιτείαν)
329 2448 370 2520 δι’
393 2449 500 2539 αὐτῆς
522 2457 579 2519 καὶ
598 2450 815 2538 proicientes),
847 2455 902 2518 καί
926 2447 968 2520 δι’
991 2448 1099 2538 αὐτῆς
1118 2448 1167 2537 μή

110 2563 154 2648 τῷ
178 2561 317 2632 πλείους
339 2566 467 2636 ἔξωθεν
489 2560 575 2624 εἶναι
597 2557 677 2632 τούς
698 2562 930 2644 βουλομένους
953 2561 1019 2645 (εἴη
1038 2556 1104 2646 νοίρ
1126 2553 1168 2625 (ἲν

112 2669 165 2732 καὶ
189 2666 321 2751 πονηρᾷ
345 2667 499 2749 πολιτεία
521 2659 621 2731 τοῦθ’
644 2659 821 2751 ελπσίρχον),
845 2662 930 2732 α’λλοί
944 2692 973 2730 α.
990 2693 1021 2731 τ.
1039 2669 1066 2732 λ.
1098 2667 1168 2731 'l'ol-

19 2763 27 2785 ‘
110 2773 235 2837 lendum
260 2772 392 2837 alterurn
414 2777 541 2847 ἔξωθεν
562 2771 644 2835 male
659 2791 695 2835 ex
709 2774 863 2855 superiore
879 2792 967 2837 versu
988 2774 1167 2855 repetitum3

111 2878 234 2969 esclusa
248 2878 357 2954 salute,
380 2898 446 2961 qua
462 2879 648 2942 extrinsecus
664 2878 817 2959 afferatur,
840 2879 960 2955 dicitun
976 2898 1036 2960 que
1050 2879 1168 2944 ratione

112 3003 166 3067 per
187 3003 220 3048 se
243 2983 358 3049 servari
379 3003 457 3066 resp.
480 2983 598 3048 debeat.
884 3033 886 3039 .

210 3090 315 3155 πει.
330 3091 366 3150 11
383 3074 539 3173 anquina
553 3090 819 3172 postrenmo:
844 3079 1167 3174 αιαῆιιιείσια

111 3197 307 3282 φιλαρχσυσι
320 3196 374 3261 καὶ
386 3198 646 3282 βσυλορχσιλσιν·
663 3197 768 3262 ταῦτα
784 3191 813 3263 (λ’
824 3190 999 3282 οἷμ-φότερα
1012 3191 1168 3282 βλαβεροί

111 3317 185 3376 ταῖς
205 3296 356 3368 πόλεσιν.
390 3303 469 3366 Mire
483 3303 620 3368 homines
642 3323 761 3387 genera,
785 3304 910 3382 divitiis,
931 3303 1047 3368 viribus
1069 3303 1169 3369 excel-

110 3410 208 3475 lentes
221 3410 347 3474 minime
365 3412 538 3494 φιλαρχεῑν
553 3409 704 3487 dicuntur,
727 3427 825 3491 neque
836 3408 935 3472 minus
948 3409 1037 3487 mire,
1060 3409 1168 3475 inutile

110 3517 184 3599 reip.
209 3535 284 3592 esse,
307 3505 446 3580 homines
467 3515 638 3599 imperandi
659 3518 691 3580 et
710 3516 947 3609 magistratuum
963 3516 1167 3598 gerendorum

113 3621 239 3704 cupidos
261 3640 320 3685 non
350 3640 425 3685 esse.
478 3621 580 3687 Etiam
612 3622 774 3686 minusad
800 3620 974 3702 reipublice
999 3621 1167 3686 utilitatem

111 3728 262 3808 pertinet,
304 3728 381 3792 tales
415 3728 553 3793 homines
586 3730 709 3792 senatus
740 3727 945 3810 principatum
977 3729 1100 3803 tenero;
1135 3727 1167 3792 id

24 3820 25 3827 '
112 3834 215 3897 autem
242 3832 274 3896 in
302 3833 567 3917 inscriptionibus,
601 3834 673 3914 apte
700 3833 740 3903 ad
763 3830 993 3913 compositionis
1023 3832 1166 3909 formam,

110 3941 316 4021 βουλαρχεῖν
343 3938 506 4022 significat.
552 3939 610 4003 Pro
636 3940 916 4027 peropportunus
939 3937 1059 4017 dubito,
1092 3940 1164 4023 quin
