2580 4530
561 244 664 323 Liui.
1061 249 1101 313 31

33 446 210 507 extrema
235 443 460 509 Armeniae
481 444 693 513 intrantem
716 495 723 510 .
747 494 755 510 .
778 494 786 510 .
810 448 915 512 abire
943 449 1080 530 procul
1100 466 1144 515 ac

35 568 135 631 spem
158 549 276 615 belli
299 550 499 617 omittere
522 549 658 634 cosgit.
671 546 676 557 “
690 550 819 619 Prorsus
833 552 972 635 ineptum
984 555 1032 618 est
1050 553 1144 636 quin

37 654 236 720 intransitu
260 655 310 721 ad
333 655 438 728 aliern
460 675 528 721 rem
548 676 671 739 prorsus
695 657 809 723 diversi
824 659 1006 743 asuperiore
1021 658 1144 741 generis

40 764 67 825 et
85 762 143 827 nbi
165 781 211 827 ne
236 762 389 827 minima
410 748 538 844 quidem
556 764 605 827 est
618 781 765 828 ascensus
780 762 821 827 ad
835 764 934 829 maius
948 763 1142 847 significatio.

44 866 222 951 Scripserat
258 868 420 932 Tacitus:
450 886 670 933 remeavere
697 868 817 953 quieti..
841 869 1056 935 -Tiridaten
1082 870 1141 935 cet

47 974 133 1055 lpud
155 974 317 1040 Gellium
341 973 390 1037 VI
411 971 511 1055 (vn),
540 973 571 1051 3,
601 974 642 1035 34
671 974 703 1041 in
730 974 886 1062 codicibus
914 976 959 1039 sic
981 974 1142 1039 scribitur:

50 1080 159 1145 lsnm
192 1099 293 1145 esse
330 1077 521 1143 Catonem
551 1080 648 1145 dicit
671 1081 777 1165 (Tiro)
806 1079 1142 1162 ...argumentis

51 1206 177 1268 barum
200 1183 402 1251 honestis
424 1203 469 1248 ac
488 1204 563 1251 nen
591 1185 665 1249 viri
693 1189 731 1251 et
757 1187 820 1268 qui
846 1186 922 1251 alio
953 1185 1045 1262 fuit,
1076 1185 1143 1257 sed

53 1292 166 1357 ratris
190 1311 240 1357 ao
265 1289 511 1357 fallaciosis.
554 1291 599 1354 Ex
617 1290 888 1355 hisfitfaoillime:
912 1309 954 1355 ac
977 1310 1047 1357 non
1068 1291 1143 1357 viri

55 1398 141 1481 :eqni
163 1397 280 1482 (equi)
305 1395 471 1479 alioqui,
494 1396 560 1461 sed
581 1397 701 1462 vatris
725 1416 767 1461 ac
788 1396 915 1461 fallea.
965 1395 1043 1461 (lum
1064 1395 1142 1461 alic

57 1505 148 1587 aqui
171 1502 372 1587 separatum
394 1504 486 1579 emet,
509 1503 568 1577 hcc
584 1503 709 1568 transiit
729 1503 762 1587 in
783 1502 868 1580 fuit,
890 1501 1001 1575 mediis
1024 1502 1142 1567 duabus

58 1610 160 1675 litteris
184 1608 347 1677 servatis.
395 1607 496 1686 Quam
519 1609 726 1675 necessarium
747 1609 830 1673 esset
850 1607 1014 1691 alioqui,
1037 1626 1143 1673 sense-

60 1722 134 1791 unt,
162 1716 226 1799 qui
262 1713 313 1779 sic
347 1713 527 1795 enituisset:
561 1715 637 1787 viri
666 1715 763 1791 eius,
794 1714 857 1797 qui
883 1713 1027 1797 alioqui
1055 1710 1141 1778 fult.

61 1821 201 1887 Ceterum
226 1820 321 1904 apud
333 1821 462 1885 Latinos
484 1821 576 1901 paulo
599 1820 696 1885 rarior
716 1820 782 1885 haec
804 1818 927 1885 videtur
949 1837 1026 1896 csso,
1049 1835 1141 1901 quam

62 1929 131 2011 apud
164 1928 317 2004 Graecos,
355 1925 466 2007 erroris
501 1927 628 2010 species,
664 1927 697 1991 in
721 1946 790 2010 -qua
822 1925 967 2009 longioris
1003 1923 1143 1990 vocabuli

63 2036 149 2115 quma
170 2054 253 2119 pars
278 2049 338 2114 pro
359 2030 482 2114 integra
504 2049 575 2095 voce
597 2031 736 2114 punitum
764 2032 890 2097 alterius
914 2029 1007 2108 illius,
1029 2029 1060 2093 in
1082 2049 1143 2112 qua

63 2160 107 2205 ror
137 2143 278 2224 integra
309 2136 462 2202 conflatur
493 2153 563 2199 cum
596 2138 736 2219 sequenti
767 2140 821 2202 aut
852 2138 954 2220 aliqua
987 2137 1123 2220 sequent'

62 2254 153 2328 qaue,
202 2243 357 2327 exempla
398 2240 570 2307 rideamus.
648 2243 740 2327 Apud
783 2242 985 2309 Plutarchum
1021 2244 1142 2327 quaestt.

63 2372 135 2418 {unu
159 2354 222 2430 IV,
248 2353 284 2426 5,
307 2351 338 2427 2,
361 2350 380 2409 2
403 2349 446 2432 (p.
471 2347 532 2409 670
553 2351 595 2432 Α)
626 2350 740 2415 editur:
774 2341 849 2433 Τήν
871 2351 906 2414 δὲ
928 2337 971 2415 ὗν
994 2343 1142 2436 α’ποχρη-

65 2463 173 2541 ωῇσαι
212 2460 274 2522 καὶ
305 2457 478 2538 τιμᾶσθαι
513 2460 662 2542 λέγουσι,
690 2458 723 2519 et
749 2455 872 2519 additur
902 2455 1011 2521 deinde
1039 2475 1142 2536 causa,

65 2588 106 2631 ··or
131 2568 238 2631 honos
270 2563 322 2626 sui
350 2562 509 2626 habeatur.
570 2565 616 2628 En
644 2563 736 2627 verbo
765 2561 904 2626 inaudito
934 2563 966 2627 et
993 2563 1144 2645 particula

67 2699 108 2735 aur
131 2674 171 2737 fit
202 2662 295 2735 rino*
333 2668 514 2753 χρηστῆς
544 2665 684 2741 αἰτίας
713 2668 894 2748 τιμᾶσθαι.
939 2668 999 2733 Sed
1020 2687 1143 2749 prorsus

67 2780 166 2843 a‚dem
192 2794 324 2852 errore,
355 2794 415 2858 que
444 2773 496 2837 hio
525 2774 555 2838 in
583 2774 663 2840 libro
691 2776 790 2858 exigui
811 2775 912 2856 pretii,
934 2776 1063 2839 verbum
1085 2793 1145 2839 non

68 2884 158 2947 ninus
179 2882 362 2948 barbarum
376 2883 485 2946 natum
501 2883 547 2945 est
561 2881 642 2963 apud
652 2881 787 2945 nobilem
802 2883 934 2964 postam,
957 2881 1145 2962 Euripidem,

69 2988 92 3049 in
123 2986 314 3053 Heraclidis
348 2987 409 3049 495
443 2988 540 3069 (nam
561 2986 733 3050 Nauckium
771 2988 915 3069 quattuor
948 2968 1054 3051 versus
1086 2983 1146 3048 sibi

10 3156 12 3169 ,
69 3094 210 3158 molestos
239 3092 333 3156 facili
362 3091 485 3156 delendi
514 3111 606 3173 opera
632 3092 830 3156 amolientem
851 3112 911 3157 non
931 3091 1056 3173 moror),
1093 3089 1147 3154 ubi

10 3186 12 3287 l
70 3220 129 3263 ‘um
151 3202 254 3284 podia
279 3196 474 3279 scripsisset:
512 3202 542 3262 εἰ
563 3191 612 3282 μή
635 3225 666 3262 τι
693 3191 822 3263 τούτων
849 3205 886 3274 ἐξ
919 3188 1147 3280 οἷμηχάνων

72 3332 162 3385 rurs·
187 3305 289 3381 (nisi
311 3322 354 3367 ex
375 3303 433 3368 his
456 3303 766 3369 difficultatibus
789 3323 855 3367 nos
878 3300 1147 3386 expediemus),

72 3413 197 3476 ·'····ntlntc
236 3402 482 3494 ἐξιιμηχάνων,
522 3411 699 3494 corrigendo
735 3409 829 3472 futuri
865 3407 1012 3490 temporis
1047 3405 1149 3488 aliqua

73 3534 162 3582 :rma
174 3517 291 3582 efficta
302 3520 353 3580 est
365 3512 703 3601 (ἐξαμὸῑχανήσομεν).
727 3516 764 3579 In
771 3515 930 3579 Plutarchi
940 3513 1066 3576 Cimone
1080 3531 1106 3576 c.
1119 3514 1148 3591 2,

79 3623 115 3685 rbi
136 3625 169 3688 in
194 3623 275 3687 ritis
293 3623 458 3687 hominum
474 3622 633 3686 narrandis
646 3622 841 3706 potissimum
856 3621 888 3683 in
908 3618 1043 3700 pulchris
1057 3616 1149 3683 factis

73 3730 305 3797 inmorandum
318 3728 407 3806 dicit,
429 3729 498 3793 haeo
512 3728 706 3793 scribuntur:
726 3734 761 3791 ἐν
773 3739 845 3797 τοῖς
858 3727 971 3796 καλοῖς
994 3717 1150 3808 docuiq-

74 3859 189 3913 qorrov
225 3833 352 3917 ὥσπερ
389 3828 576 3917 ὁμοιότητα
619 3829 684 3918 τήν
720 3827 902 3917 οἷλήθειαν.
974 3830 1034 3896 Sed
1075 3831 1153 3895 nihil

78 3944 187 4009 :mnino
211 3946 265 4009 est
288 3941 418 4024 explere
451 3941 614 4006 veritatem
641 3942 820 4021 tanquam
850 3936 1152 4002 similitudinem

76 4052 163 4129 'quasi
190 4048 382 4115 similitudo
407 4046 477 4130 sit);
512 4047 580 4129 ipsa
610 4045 724 4110 veritas
755 4042 830 4125 (die
852 4039 1152 4120 Wirklichkeit)‚

78 4173 152 4234 qnam
164 4158 342 4224 simillime
354 4151 429 4218 fieri
446 4154 556 4232 potest,
580 4148 841 4230 erpmmendaest,
863 4149 956 4237 idque
969 4144 1157 4216 Plutarchus
