2580 4530
537 267 659 324 nuru·
1012 268 1081 343 ἱσεε

73 468 222 550 scripserat
243 459 367 554 α’θιῇ,
388 467 511 532 secutus
533 467 627 532 ctiam
638 468 808 533 Homerum
830 468 919 534 iliud.
941 468 1013 545 XII,
1041 469 1118 533 160:

71 566 207 656 κόρυθες
228 565 260 639 δ’
281 565 369 659 ἄμφ’
389 563 477 638 αόον
497 565 624 639 οἷΰσινν
641 575 647 653 Ι
665 568 876 657 βαλλόμεναι
897 569 1095 660 μνλόιιεσοι.

155 679 197 759 11,
220 679 295 758 ere,
317 679 394 742 aee:

191 784 304 870 οἰωνῷ
328 784 363 851 δὲ
384 777 520 867 πρόσθε
544 779 696 852 πελειάδι
719 780 953 872 πειρήσασθαι

191 885 279 975 νηός
300 888 371 957 όπο
394 892 630 975 προμεθέντες
651 897 801 978 ἐφιέμεν.

61 997 164 1082 Neque
196 997 386 1063 constructio
412 1015 511 1080 neque
536 998 699 1062 verborum
729 1000 913 1084 significatio
939 1000 1002 1064 ullo
1028 1000 1119 1066 medo

60 1104 193 1187 expediri
214 1106 330 1186 petest.
374 1103 576 1168 Scribendnm
597 1103 659 1168 leni
681 1106 713 1170 ct
733 1108 816 1172 certe
837 1105 1065 1172 emendatione:

192 1210 303 1295 οἰωνῷ
327 1209 361 1275 ce
384 1202 519 1293 πρόσθε
541 1202 696 1275 πελειάδι
717 1203 949 1297 πειρήσασθαι

193 1310 277 1400 νηός
298 1311 368 1380 όπσ
390 1318 683 1399 προριεθένσας
704 1318 907 1402 ἐφίεμαι,
928 1357 932 1366 ·

58 1424 112 1488 hec
132 1424 200 1488 eet:
229 1421 321 1487 iuben
346 1440 399 1487 voe
428 1422 561 1504 primum
588 1424 729 1488 columbe
750 1425 887 1498 tentare,
916 1442 984 1491 enm
1008 1442 1025 1488 c
1046 1424 1116 1489 nevi

59 1529 281 1606 emittentee.¹)

155 1635 199 1707 ΙΙ,
222 1633 299 1696 335:

140 1741 189 1824 τῷ
213 1740 269 1804 eet
291 1729 397 1804 τᾶλλα
418 1742 588 1822 μεθέντες
609 1733 771 1826 σ’νήϊοσον
792 1744 981 1807 πονέεσθαι

140 1844 351 1928 θαρσαλέως.

59 1953 156 2016 Preve
179 1943 342 2035 όνήϊοιον
369 1969 424 2032 pro
452 1951 595 2017 adverbio
623 1953 787 2034 accipitur,
819 1952 932 2017 addite
949 1952 1119 2035 praesertim

60 2059 272 2141 θαρσαλέως,
304 2056 406 2133 nulle,
434 2074 501 2139 quae
524 2058 647 2141 quidem
667 2059 741 2141 epte
761 2058 811 2132 sit,
833 2057 997 2123 sententie.
1050 2057 1120 2123 Una
1155 2067 1157 2073 '

59 2164 163 2229 littera
185 2161 336 2228 mutanda
357 2163 419 2227 eet:
451 2180 455 2191 ¹

139 2270 186 2354 τῷ
209 2271 264 2334 ιιαλ
288 2259 393 2334 τᾶλλα
415 2272 632 2351 μεθέντας
655 2262 815 2353 όνήϊοοσν
836 2271 1024 2336 πονέεσθαι

140 2378 349 2459 θαρσαλέως.

58 2481 256 2547 Ceuducibilc
279 2482 337 2557 eet,
361 2480 469 2544 ceteris
490 2481 604 2559 missis,
625 2482 713 2546 firmo
734 2481 837 2546 animo
858 2482 1007 2548 laborare.

157 2588 199 2663 ΙΙ,
222 2588 293 2661 605,
317 2586 392 2649 606:

439 2686 459 2756 ὃ
481 2685 522 2776 tr}
544 2695 598 2756 καὶ
620 2685 793 2777 μόρσιμον
815 2686 877 2777 ἦεν

140 2805 178 2863 ἐν
200 2791 376 2882 μακάρων,
399 2788 469 2863 εὖτ’
490 2794 534 2862 όν
554 2822 606 2871 τις
631 2795 712 2864 ἰδών
735 2800 789 2866 (tta
814 2803 869 2885 νηὶ
892 2791 1030 2887 περήσῃ.

57 2896 154 2968 Ἰδών
178 2904 328 2989 accipitur
348 2904 470 2970 vivus.
503 2905 618 2970 Verum
633 2925 729 2990 neque
744 2907 876 2971 norietue
895 2906 938 2971 eic
952 2903 1116 2969 ullomodo

55 3009 117 3075 dici
132 3012 237 3093 petest
259 3011 309 3089 (de
324 3029 368 3084 cc,
391 3010 443 3093 qui
457 3011 534 3076 vivit
547 3012 702 3095 videtque)
725 3024 823 3095 neque
845 3010 969 3075 omuino
991 3008 1116 3073 videndi

54 3116 148 3180 verba
171 3117 215 3181 eie
237 3116 297 3181 dici
319 3116 356 3181 de
381 3116 458 3181 vivis
479 3120 617 3198 pessunt,
638 3119 691 3183 ubi
712 3119 845 3200 aliquem
860 3115 979 3180 salvum
994 3113 1115 3178 vivum-

52 3222 468 3306 quecvaderesiguificntur3
489 3242 562 3289 num
578 3226 733 3307 pertinent
755 3223 794 3288 ad
816 3240 877 3291 ees,
901 3219 953 3302 qui
968 3218 1114 3282 universe

51 3327 109 3391 diis
140 3327 269 3392 luminis
294 3328 375 3392 auris
403 3327 553 3393 fruuntur.
602 3332 710 3413 Itaque
737 3332 790 3395 eut
820 3319 903 3392 ἰδών
932 3323 1113 3405 simpliciter

51 3435 118 3496 est:
144 3433 242 3497 visis
266 3435 436 3516 scopulis
458 3437 512 3500 unt
532 3437 631 3518 petius
653 3435 846 3500 scribendum
870 3432 946 3513 ζῖόν
968 3429 1072 3507 (σός).

77 3710 99 3775 ¹)
118 3710 154 3763 V.
171 3711 223 3764 119
232 3725 287 3762 nen
306 3708 364 3760 sine
382 3723 461 3761 cause
479 3694 631 3775 suspectum
650 3725 705 3762 εεεε
723 3688 815 3778 potest
833 3703 952 3775 ιειαγών
970 3702 1018 3755 eut
1035 3699 1113 3754 ἅντε-

115 3802 209 3871 ιαγοόν
229 3799 262 3853 de
279 3798 392 3867 bipenni
411 3815 464 3852 nen
475 3802 596 3869 nrrcpte,
611 3800 657 3854 sed
669 3801 703 3854 ed
716 3799 864 3855 feriendum
874 3797 979 3851 sublata
988 3793 1113 3864 pesitum,

116 3898 150 3948 ut
166 3909 277 3962 prorsus
295 3907 342 3959 pro
363 3891 509 3953 ἀνατείνας
528 3890 765 3960 (ἀνασωσάμενος)
790 3891 835 3944 eit.
879 3889 932 3945 Sed
959 3887 1112 3948 ἄντειακώς

111 3985 207 4039 minue
224 3984 319 4050 aptum
338 3998 418 4050 quem
443 3983 559 4036 norietus
582 3988 636 4048 eet,
660 4001 708 4038 uec
733 3984 849 4046 ιετακώς
873 3981 954 4036 facile
971 3980 1062 4035 ecribae
1081 3979 1109 4031 in

112 4077 239 4145 τεταγὼν
258 4076 388 4128 mutaturi
406 4080 490 4130 erant.
