2580 4530
195 262 256 329 268
618 260 679 319 Lib.
697 262 734 320 11.

152 470 199 533 eet
230 463 402 550 ἄπληστος
424 464 533 548 κοίτη)
551 463 683 545 ,cupiam
714 465 846 528 mortem
881 464 981 548 iprum
1012 462 1088 529 entis
1121 462 1213 528 celeri

154 590 244 638 eursu
264 572 432 646 festinem
453 568 532 635 nihil
551 569 692 653 preeibuo
712 586 788 651 opuo
811 587 888 637 osee.
1000 576 1011 597 '·

251 676 317 742 [bd.
340 676 410 751 909,
433 676 527 739 9102.

285 779 376 856 εἰκός
398 775 463 869 γοῖρ
484 774 588 868 σ’ργοὲς
609 779 703 864 θῆλυ
721 788 899 846 ποιεῖσθαι
921 784 1018 867 γένος

284 885 418 976 γάμους
439 885 729 972 παρεμαολῶννος
753 880 910 959 α’λλοίους
930 879 1037 953 πόσει.

249 996 385 1060 Alterius
413 1010 519 1060 vorsus
552 991 663 1057 monde
683 992 880 1057 vehementer
901 991 1032 1059 editores
1053 997 1210 1058 vexarunt.

151 1100 351 1166 scribendum
373 1102 431 1178 eet,
452 1101 550 1166 tribus
571 1097 682 1163 litteris
704 1097 851 1164 mutatis:

214 1206 346 1293 γάμους
368 1205 731 1291 παρεμιιολῶνοας
752 1197 950 1271 α’λλοιοῦν
971 1199 1134 1276 πόσεις.

150 1317 180 1379 h.
213 1334 249 1390 e,
283 1313 479 1378 matrimonia
513 1313 633 1376 mutare
666 1311 698 1374 et
728 1329 842 1376 novare
876 1311 938 1377 ulie
970 1312 1057 1396 quusi
1081 1311 1210 1375 emendo

152 1424 184 1485 et
223 1417 492 1502 superinducendo.
547 1416 693 1497 (Mirifice
732 1416 907 1483 Dindorfius
942 1418 1018 1483 odeo
1055 1437 1116 1483 non
1152 1437 1208 1482 eno

148 1527 244 1610 ipsius
270 1524 381 1589 iudicio
408 1522 545 1606 perfeeto
566 1520 788 1602 emendatione,
809 1525 846 1589 ut
874 1542 927 1607 pro
953 1517 1110 1597 ἀλλοίους
1137 1542 1208 1609 spe-

148 1633 225 1697 tium
248 1648 376 1696 veouum
397 1630 530 1712 poneret,
566 1628 672 1693 tamen
694 1631 958 1714 παρεμπολώνιι
980 1631 1068 1713 quusi
1088 1633 1207 1699 eertum

148 1739 179 1804 in
203 1739 288 1805 textu
309 1719 431 1820 posuit.)

246 1843 368 1909 (inostro
389 1860 418 1905 v.
440 1840 513 1920 433,
536 1839 612 1903 434:
698 1836 701 1841 ’

232 1951 313 2016 ΜΕ.
355 1948 497 2031 ξυνῆκα·
522 1941 757 2031 Παλαμήδους
779 1971 815 2011 οε
837 1961 977 2032 τιμωρεῖ
998 1939 1115 2032 φόνον.

233 2057 307 2122 ΟΡ.
352 2042 394 2119 οὗ
414 2046 446 2139 γ’
467 2047 510 2119 οὐ
529 2055 638 2139 μένην
658 2071 734 2138 μοι·
757 2047 811 2119 δια
828 2053 931 2137 κριοῖν
953 2046 1202 2141 δ’ᾰνιόλλυμαι.

246 2162 367 2243 Neque,
400 2179 467 2243 quae
487 2159 630 2226 sintina
653 2159 718 2238 illa,
746 2160 952 2244 intellegitur,
985 2180 1084 2244 neque
1115 2163 1205 2229 huius

146 2269 282 2358 numeri,
312 2285 371 2348 quo
400 2263 566 2350 significari
592 2265 624 2328 et
651 2264 788 2348 promitti
816 2265 936 2330 uidetur
965 2286 1126 2332 causarum
1154 2288 1206 2333 ox·

145 2372 283 2454 plicatio,
310 2371 373 2435 ulla
395 2371 427 2435 in
448 2371 501 2444 iio,
532 2389 599 2453 quae
634 2373 818 2453 sequuntur,
839 2372 916 2436 ratio
942 2372 1080 2437 habetur.
1125 2373 1206 2438 Seri-

145 2477 277 2542 bendum
299 2462 440 2541 videtum

235 2573 275 2649 οὗ
296 2578 326 2668 y'
348 2576 390 2647 οὐ
410 2585 517 2664 μέσην
537 2605 610 2663 μοι,
633 2575 680 2645 δι’
704 2585 848 2666 ἑτέραν
871 2575 901 2650 δ’
921 2574 1126 2668 ἆπόλλυμαι,

147 2692 284 2755 Aliomm
306 2688 428 2771 eulpam
449 2686 481 2750 in
503 2705 535 2750 se
557 2687 714 2751 transferri
736 2688 880 2771 queritur.

245 2797 307 2860 lbd.
330 2794 408 2856 448:

294 2905 357 2972 Εἰς
380 2893 408 2964 o'
431 2901 525 2972 ἐλπὶς
546 2893 568 2984 ἦ
590 2892 649 2982 ’μή
676 2894 871 2984 καταφυγάς
895 2909 959 2987 ἔχει
983 2905 1101 2968 κακῶν.-

243 2991 372 3070 Mirifioo
406 3005 500 3076 ἐλπίς
532 3005 643 3071 dicitur
676 3013 764 3091 ἔχειν
797 3004 994 3093 καταφυγάς
1027 3010 1137 3073 κακῶν
1172 3012 1204 3073 et

144 3114 254 3179 habere
275 3112 447 3196 perfugium
469 3112 619 3175 malornm
642 3111 686 3175 ad
708 3112 862 3194 aliquem,
894 3113 1107 3180 scribendum:

244 3223 308 3290 Εἰς
330 3213 358 3283 o'
380 3219 476 3290 ἐλπὶς
497 3211 519 3302 ἦ
542 3211 600 3301 ’μὴ
624 3219 869 3305 καταφυγῆς
891 3217 984 3304 ἥκει
1008 3223 1129 3295 κακῶν,

144 3328 200 3392 hoo
222 3330 282 3392 est:
327 3323 376 3388 An
397 3326 429 3388 te
450 3321 592 3400 decurrit,
614 3325 645 3387 in
667 3325 699 3389 te
721 3324 821 3406 posite
842 3327 890 3390 est
911 3346 1061 3410 spesmea
1073 3328 1203 3412 perfugii

145 3434 305 3498 melorum.

244 3534 311 3597 lod.
334 3535 395 3597 835
419 3553 502 3617 εσσε
529 3587 535 3591 .

441 3633 705 3723 ἐκβεβακχευσαι
727 3641 867 3720 μανίαις

442 3737 632 3829 Εὐμενίσιν
654 3736 800 3828 θήραμα
823 3740 914 3831 φόνῳ

444 3842 587 3936 δρομάσι
610 3842 751 3916 δινεύων
770 3845 956 3939 βλεφάροις
994 3850 998 3859 “

443 3948 719 4042 Ἀγαμεμνόνιος
740 3971 831 4031 παῖς.
