2580 4530
538 251 599 309 Lib.
617 253 650 311 V.
1019 252 1078 316 637

163 450 229 517 Ibd.
257 450 298 512 26
324 471 354 534 p.
379 450 439 515 407
469 452 495 517 Ε
528 449 719 516 scribendum
751 452 886 518 videtur:
912 444 986 519 Ἠν
1009 445 1037 518 δ’
1058 449 1122 535 άρα

55 553 81 623 ά
104 557 188 623 ἔδει
211 558 265 623 καί
287 551 478 640 τυράννους
492 551 656 644 άγνοήοαι
680 559 735 624 καί
758 559 947 643 πολεμίους
966 553 1017 645 μή
1041 582 1123 642 προ-

55 667 261 731 αισθέσθαι.
305 665 342 729 V.
365 664 454 730 abest
475 659 497 729 ά
519 663 595 730 ἔδει.

161 770 229 836 Ibd.
257 768 346 853 29-p.
367 771 429 832 408
451 770 492 835 F:
531 765 620 854 πρὸς
644 769 679 837 δὲ
706 768 823 836 πίστιν
853 765 1046 855 ἐπισφαλής
1069 771 1122 836 καί

55 870 275 948 ὑπεύθυνος.
323 875 484 942 Sententia
518 878 654 960 postulet
690 868 998 960 άνεπισφαλής,
1044 875 1126 959 quod

54 982 242 1049 vocabulum
275 999 293 1046 e
315 981 486 1048 Themistio
516 983 685 1047 annohotur.
728 982 825 1048 Paulo
845 983 916 1067 post
934 983 980 1067 (p.
1000 982 1062 1044 409
1085 982 1125 1055 A)

55 1091 133 1175 poet
156 1081 440 1173 οἰκοδομημάτων
468 1081 603 1154 κάλλεσι
640 1091 695 1154 καὶ
729 1101 953 1160 κατασκευαῖς
974 1079 1125 1171 Ἀμφικ-

56 1207 235 1267 τυονικαῖς
256 1192 368 1258 exoidib
389 1194 515 1259 verbum
540 1189 733 1280 (ἐκοσμήθη
755 1198 809 1262 aut
829 1195 953 1268 simile).

162 1302 208 1367 De
237 1296 595 1368 defeotoorooulorum
615 1301 680 1369 o.3
707 1323 737 1386 p.
767 1301 829 1401 419
851 1303 903 1373 D:
926 1299 1050 1387 Καίτοι
1071 1301 1125 1364 καί

56 1400 148 1492 άμῑν
169 1397 211 1472 οά
230 1399 356 1490 μικράν
377 1400 622 1473 άποδείκνυται
642 1408 798 1497 πράημα,
821 1408 1021 1475 λεαίνεσθαι
1041 1405 1125 1490 ξυρῷ

57 1508 102 1581 τά
127 1505 266 1596 σάματα
289 1508 370 1584 τοάς
391 1508 515 1597 ἥρωας,
545 1508 741 1602 ἐντυχόντες
770 1510 836 1603 γάρ
856 1508 1000 1600 Ὁμήρῳ
1028 1507 1128 1596 ξυρδν

58 1611 281 1706 ὀνομάσαντι.
313 1619 411 1686 Deest
431 1621 524 1704 eaput
544 1619 599 1695 rei,
619 1621 707 1704 parvi
731 1621 835 1707 indicii
855 1622 982 1688 mentio.
1015 1620 1127 1686 Serio:

59 1727 188 1794 Καίτοι
211 1728 266 1791 καί
287 1717 409 1810 ὑμεῖς
429 1727 561 1812 μικρῷ
584 1729 791 1813 τεκμηρίῳ
814 1720 856 1793 οά
876 1721 1001 1811 μικράν
1023 1720 1128 1792 α’πο-

61 1833 258 1901 δείκνυτε
291 1833 453 1918 πράημα,
481 1833 509 1897 λ.
540 1838 563 1909 ξ.
592 1860 622 1899 τ.
647 1860 675 1900 σ.
696 1859 727 1899 τ.
751 1830 799 1918 ή.,
821 1827 1016 1920 ἐντυχόντες
1037 1825 1128 1917 παρ’

60 1931 207 2026 Ὁμήρῳ
240 1934 342 2022 ξυρόν
373 1930 584 2022 ὀνομάσαντι
615 1940 775 2020 (Nestori).
831 1930 949 2025 Ὑμεῖς
978 1942 1011 2006 et
1042 1933 1128 2006 άπο-

63 2047 220 2115 δείκνυτε
240 2044 410 2110 Μοιοιίιοο
431 2044 546 2110 debent
583 2094 591 2110 .

164 2150 232 2217 Ibe.
261 2150 374 2217 oinit.
407 2150 622 2232 scribendum:
658 2150 786 2236 Παροίν
818 2142 882 2219 οὖν
911 2144 1129 2238 α’νεφάνησεν

61 2251 269 2343 Ἀμμώνιος
300 2251 318 2322 ὁ
348 2249 547 2342 φιλόσοφος·
593 2253 649 2325 Ου’
681 2253 846 2346 τῷ,ήλίῳ
878 2252 991 2344 μόνον
1022 2262 1126 2336 εἰπὲ,

63 2359 150 2432 α’λλά
173 2365 219 2450 τῷ
241 2356 373 2453 οὐρανῷ
397 2364 513 2432 παντί.
547 2363 674 2431 Codices
696 2371 820 2446 εἰπεῖν,
840 2365 999 2450 Xylander
1016 2365 1128 2436 εἶπεν.

63 2470 183 2537 Eodem
206 2488 272 2554 oep.
294 2490 323 2552 p.
347 2472 406 2532 411
433 2470 460 2534 B
482 2470 675 2537 seribendum
698 2473 833 2539 videtur:
859 2474 906 2540 Αἱ
929 2467 995 2557 γάρ
1019 2475 1127 2539 ἐκλεί-

64 2593 143 2654 ψεις
166 2579 371 2664 ἐλέγξουσιν,
394 2569 503 2642 αὐτοῦ
524 2603 561 2643 τε
590 2579 664 2658 (τοῦ
681 2573 791 2663 ήλίου)
812 2579 855 2666 τῇ
877 2573 1003 2666 σελήνη
1024 2581 1128 2645 πλεο-

65 2677 165 2758 νάκις
191 2675 438 2768 ἐπιβάλλοντος
459 2685 514 2749 καί
536 2685 597 2767 τής
624 2676 767 2768 σελήνης
788 2684 861 2771 ηής
897 2687 973 2770 σκιᾷ
997 2691 1063 2768 (pro
1085 2686 1127 2772 τῇ

65 2790 168 2876 σκιᾷ).
210 2789 256 2852 Ex
275 2782 330 2854 illo
352 2789 435 2865 solio,
458 2809 495 2855 ex
515 2790 572 2855 hoo
592 2790 672 2855 lunae
696 2790 843 2856 defectus.
959 2848 962 2855 .
1019 2832 1029 2852 .

167 2892 236 2961 Ibd.
267 2896 337 2976 ep.
359 2897 419 2957 411
442 2896 477 2963 F.
520 2897 627 2972 Iocus,
648 2916 761 2980 magno
783 2914 819 2961 ex
841 2898 929 2978 pert-e
950 2915 969 2960 ο
987 2895 1130 2979 Wytten·

66 3001 177 3069 bachio
200 3018 235 3065 ex
257 3001 411 3067 Herodoto
434 3002 530 3079 (VIII,
554 3001 625 3079 135)
649 3003 681 3067 et
701 3001 855 3067 Pausania
866 3001 932 3078 (IX,
957 3001 1010 3076 23)
1025 3018 1129 3065 emen-

66 3106 171 3182 datus,
192 3105 237 3171 oio
258 3105 436 3172 scribendus
462 3107 495 3171 et
519 3107 707 3190 supplendus
734 3107 870 3172 αἰδοίοις
903 3106 1029 3173 Καίτοι
1051 3107 1128 3188 περὶ

66 3206 110 3278 τά
135 3205 274 3295 Μηδικά
296 3216 363 3295 μὲν
384 3205 611 3297 ου’δοκίμησιν
633 3207 693 3298 οὐχ
715 3201 874 3297 ήττον-τά
893 3204 1130 3279 τοῦΠτάου

68 3318 126 3385 καί
149 3313 189 3383 τά
217 3317 280 3383 τοῦ
303 3311 502 3404 Ἀμφιάρεω
528 3320 634 3403 (quem
663 3318 886 3397 Lebediense)·
908 3310 1131 3404 α’πεπειράθη

68 3425 111 3491 δὲ
134 3423 225 3496 Μῦς
249 3427 316 3507 (pro
337 3427 425 3508 μὲν),
448 3418 492 3498 οἷς
516 3431 639 3500 ἔοικεν,
660 3427 869 3511 άμφοτίραν.
904 3420 951 3493 ‘0
972 3431 1041 3509 (pro
1062 3419 1131 3499 ‘oze

68 3529 103 3614 ὁ)
138 3533 205 3615 μὲν
241 3518 305 3594 οὖν
340 3530 403 3597 τοὺ
424 3527 578 3599 Πτώου
612 3532 778 3616 μαντείου
815 3527 1007 3617 προφήτης,
1033 3533 1130 3621 φωνή

69 3635 210 3705 Αἰολίδι
242 3633 414 3723 χρώμενος
451 3632 496 3704 τά
530 3633 606 3724 πρά
634 3639 724 3715 τοῦ,
751 3630 844 3704 τότε
878 3640 946 3722 (pro
978 3632 1017 3704 τά
1046 3633 1131 3722 πρδς

69 3736 167 3824 τούς)
211 3734 392 3827 βάρβαρον
437 3739 589 3828 χρησμόν
630 3737 828 3831 ἐξήνεγκεν,
872 3740 957 3809 οἵοτε
1001 3744 1130 3828 μηδένα

71 3860 227 3917 συνεῖναι
260 3843 388 3914 ἄλλον
421 3849 489 3931 (pro
523 3843 641 3936 άηίοιν)
668 3851 736 3917 τῶν
759 3843 956 3933 παρόντων,
988 3840 1132 3932 μόνον

71 3945 104 4022 δ’
140 3957 284 4030 ἐκεῖνον,
315 3947 359 4028 οἷς
380 3956 442 4021 τοι]
479 3956 734 4040 ἐνθουσιασμοῦ
770 3981 804 4023 τι
835 3968 907 4030 τοῖς
940 3946 1134 4041 βαρβάροις

1005 4094 1028 4131 ’.1
