2580 4530
579 227 638 285 Lib.
655 229 704 286 IV.
1075 230 1134 295 531

106 430 162 494 ubi
183 429 223 495 ab
246 429 315 495 aliis
335 430 426 494 rebus
446 429 486 494 cd
508 428 609 494 solum
629 429 932 497 commemorendum
953 429 1117 506 transitum
1140 457 1177 498 τε

105 535 240 601 deleri
230 555 294 601 rem
297 529 491 599 Mcinekius
514 532 648 597 volebat.
984 587 990 599 ,

209 641 279 707 Ibd
304 641 363 703 135
387 641 431 718 (5,
455 639 523 715 43):
553 633 622 702 ὁοα
640 633 726 703 ἄλλα
749 639 818 704 τῶν
840 632 1010 724 οὐρανίων
1026 596 1177 765 Ιππαρ·

107 771 167 834 χος
188 752 255 831 μὲν
278 751 469 831 εἴρηκεν,η
448 739 606 830 ημεῑςόὲ
634 743 897 827 παραλειπομεν
920 741 974 811 deor
996 741 1035 813 τό
1057 745 1178 832 τρανό-

107 879 189 938 τερα
224 855 311 920 εἶναι
348 853 410 936 τῆς
444 852 511 916 νυν·
543 855 769 935 προκειμένης
803 852 1060 936 πραγματείας,
1097 849 1178 940 παρ’

108 963 245 1028 ἐκείνου
257 960 471 1044 λαμβανέτω.
506 950 703 1041 Τρανότερα
727 950 756 1023 d'
779 957 846 1021 ἐστὶ
861 944 925 1022 ’καὶ
948 958 990 1024 ια’
1014 962 1177 1044 περὶτῶν

107 1068 295 1153 ποριοκιύιν
317 1068 373 1131 καὶ
403 1058 598 1147 α’μφιοκίων
621 1089 650 1128 κ.
673 1089 704 1128 s.
728 1065 757 1128 λ.
812 1062 883 1128 Non
915 1063 953 1128 ob
983 1058 1113 1132 nimiam
1145 1072 1177 1134 et

106 1195 169 1242 non
191 1173 426 1241 convenientem
447 1169 520 1234 huic
542 1158 694 1234 scribendi
722 1169 828 1254 generi
856 1170 1107 1252 perspicuitatem
1128 1193 1177 1239 res

104 1279 330 1345 astronomicas
353 1277 463 1343 Strabo
489 1275 610 1354 omisit,
640 1275 696 1340 sed
723 1275 805 1358 quod
835 1294 889 1358 pro
909 1276 967 1340 hoc
987 1295 1100 1361 genero
1122 1278 1177 1363 ob-

106 1385 265 1452 scuriores
288 1387 320 1448 ct
344 1383 483 1451 molestae
506 1383 619 1446 essent.
672 1380 781 1446 Certus
803 1365 883 1460 suin,
912 1383 1061 1464 scriptum
1082 1366 1176 1450 fuisso

106 1493 157 1558 bis
190 1493 246 1556 aut
279 1481 301 1553 α’
312 1482 558 1574 τρανότερα
590 1487 663 1564 (etsi
698 1488 842 1568 negative
872 1488 939 1554 haec
973 1488 1071 1554 forms
1104 1491 1178 1557 alibi

106 1596 241 1681 reperiri
264 1614 322 1660 non
346 1593 480 1676 videtur)
502 1595 557 1659 sut
579 1585 866 1677 ἀμαυρότερα.

210 1702 278 1767 Lib.
291 1702 380 1783 1le.
394 1699 453 1761 137
477 1701 521 1778 (1,
545 1701 591 1778 4):
619 1701 835 1788 Περαιουται
856 1703 923 1782 μέν
943 1696 1008 1786 γαρ
1024 1694 1093 1767 risco*
1109 1701 1177 1766 τῶν

108 1810 205 1877 δυεῖν
238 1801 390 1893 ἠπείρων
421 1801 443 1890 η
478 1808 662 1891 οἰκουμένη
695 1800 782 1890 πρός
817 1799 916 1873 δύσιν
947 1818 1018 1880 τοῖς
1050 1832 1087 1872 τε
1115 1807 1177 1891 τῆς

106 1909 284 2000 Εὐρώπης
304 1911 421 1998 ἄκροις
445 1913 500 1978 καὶ
523 1926 594 1985 τοῖς
616 1905 765 1997 πρώτοις
787 1913 847 1996 τῆς
870 1904 1019 1998 Λιβύης.
1063 1912 1176 1978 scrib:

105 2016 192 2089 α’πό
215 2022 284 2087 τῶν
312 2021 340 2088 ό.
362 2015 404 2106 η’,
427 2019 466 2082 ab
487 2019 643 2102 utriusque
663 2016 837 2081 continentis
852 2018 986 2100 μανίαι)

209 2128 277 2192 lod.
303 2128 361 2188 142
400 2124 444 2207 (2,
471 2125 520 2203 3);
565 2124 686 2190 πεδίον
726 2127 814 2209 μέγα
854 2124 909 2189 καὶ
946 2118 1083 2208 ὑψηλόν
1121 2125 1175 2191 καὶ

109 2232 286 2318 εὔκαρπον
318 2233 371 2298 καὶ
408 2222 685 2318 μεγαλόόενόρον
721 2233 775 2297 καὶ
811 2227 966 2315 εὔβοτον.
1001 2230 1175 2301 ,Planities

107 2341 209 2408 laudis
243 2358 335 2405 ceusu
367 2333 483 2425 ὑψηλή
516 2357 577 2406 uon
600 2337 780 2421 appelletur.
830 2337 944 2403 Scribo
978 2329 1175 2423 όόρηλόν.

107 2449 193 2514 Nem
219 2448 277 2511 hac
306 2464 382 2511 uoce
413 2442 468 2511 otii
492 2463 611 2528 quoque
641 2444 796 2567 inferioris
824 2445 926 2530 aetetis
954 2444 1153 2528 scriptores
1144 2465 1176 2510 ln

109 2573 201 2638 prosa
223 2552 359 2618 oratione
383 2551 432 2615 usi
453 2553 535 2615 sunt

209 2658 277 2723 lbd
292 2658 353 2719 143
373 2657 416 2735 (2,
442 2656 482 2733 5).
506 2655 650 2721 Codices:
682 2624 752 2722 Και
775 2661 811 2721 αἱ
835 2649 1045 2741 σύρροιαιδὲ
1069 2649 1177 2723 uicari-

108 2791 175 2839 τως
197 2757 364 2849 ω’φελοῦοι
389 2787 472 2827 κατα
497 2787 559 2835 τας
583 2765 640 2829 ἐπὶ
662 2757 754 2828 πολυ
776 2759 920 2846 πλήρεος
942 2763 1177 2850 όιειργομένας

109 2867 179 2938 ὑπό
205 2872 273 2936 τῶν
296 2860 512 2955 όιειργόντιον
537 2870 677 2953 ἰσθμῶν
701 2861 781 2941 τους
806 2862 937 2953 πόρους
959 2871 1014 2936 καὶ
1040 2866 1177 2936 πλωτόν

110 2972 406 3067 ἐπεργαζομένων.
441 2974 538 3039 Scrib.
562 2969 834 3060 όιερχόμεναι
857 2968 961 3059 ὑπὲρ
984 2976 1052 3042 τών
1074 2977 1176 3062 όιειρ-

106 3080 245 3178 μόντων
266 3083 408 3167 ἰσθμῶν
421 3076 503 3153 τους
518 3073 647 3165 πόρους
669 3082 723 3144 καὶ
746 3073 963 3153 α’πλώτους
984 3075 1176 3168 οἷπεργαζο-
1248 3080 1251 3087 ’

109 3200 238 3280 μένωνε
268 3197 503 3253 transcurrentes
533 3185 783 3270 capacissimos,
812 3186 867 3270 ραιΙ
885 3186 951 3248 oe'os
972 3185 1176 3250 intercludunt

110 3338 309 3350 -.-.-..-

143 3419 165 3485 ³)
185 3416 217 3470 P.
236 3416 287 3470 141
307 3418 343 3481 (2,
362 3415 390 3480 2)
414 3428 474 3466 cum
492 3412 521 3465 in
539 3410 675 3466 codicibus
693 3411 732 3464 sio
750 3409 910 3464 scriberetur
927 3408 959 3463 de
977 3410 1055 3465 Asta:
1085 3413 1124 3475 εἰς
1142 3407 1176 3481 ἣν

183 3509 210 3564 oi
230 3505 444 3576 τοόνγαόιιανοὶ
463 3506 571 3558 συνίασι
587 3503 714 3572 μάλιστα,
739 3502 887 3571 superiores
905 3501 1021 3558 editores
1034 3503 1176 3558 effecerant

188 3599 381 3666 Τουρδιτανοί.
409 3596 554 3651 Kramerus
580 3600 608 3650 eb
635 3596 784 3651 Meinelrius
813 3595 881 3649 miro
909 3612 997 3652 errore
1026 3598 1178 3651 Γαδιτανοί

184 3694 343 3761 posuerunt,
368 3705 434 3759 quos
456 3689 552 3744 Strabo
572 3689 663 3743 Graecs
682 3689 768 3743 forme
787 3691 950 3757 Γαδειρίιας
973 3688 1093 3758 appellet
1111 3689 1178 3754 (vid.

187 3783 245 3840 iud.
264 3783 329 3839 edit.
347 3783 459 3848 lirun),
487 3783 542 3836 nisi
560 3781 631 3852 quod
648 3798 676 3851 p.
695 3784 746 3836 169
771 3781 813 3834 bis
834 3784 1001 3837 Γαδειτανοί
1018 3781 1046 3837 in
1066 3780 1176 3851 optimis

185 3874 322 3930 codicibus
335 3877 407 3929 sunt.
435 3873 564 3928 Gaditani
581 3875 611 3927 in
629 3874 711 3928 uliam
729 3873 822 3927 urbem
841 3890 894 3928 non
912 3875 1111 3939 conveniebant,
1130 3874 1177 3927 sed

185 3968 277 4021 incolae
304 3967 423 4035 regionis
450 3966 662 4021 circumiacentis
686 3966 779 4020 Aetam
805 3967 918 4021 maxime
944 3967 1073 4037 petebant
1095 3983 1176 4036 nego·

184 4060 282 4115 tiorum
301 4077 388 4116 cause

932 4153 980 4205 ³⁴*
