2580 4530
542 291 614 358 nib.
634 292 657 348 Ι.
1055 295 1092 356 91

46 486 173 553 Valerio
198 489 349 557 Maximo
373 492 532 576 singulare
553 491 609 556 hoc
632 493 760 570 accidit,
782 493 862 578 quod
883 486 975 559 code'x
997 496 1135 560 omnium

47 592 208 679 princeps,
232 596 421 676 Bemensis,
444 597 657 662 additamenta·
677 585 817 682 quadarn
839 602 941 678 habet,
963 601 1021 665 ¹sed
1040 620 1137 683 pune-

50 699 87 765 tis
113 702 259 780 notata,
296 702 382 786 quod
408 704 527 781 scriba,
560 696 746 788 diligentius¹
766 706 956 771 considerato
987 708 1136 789 exemplo,

54 806 130 888 qnod
155 809 374 890 sequebatur,
397 804 552 875 intellexit
573 829 619 885 ea,
641 811 673 875 in
694 794 833 895 margine
855 815 909 890 aut
929 813 1010 876 inter
1030 824 1136 876 versus¹

55 914 215 989 annotata,
239 912 277 976 in
302 914 477 980 orationem
503 914 678 997 recipienda
698 932 759 980 non
783 916 895 991 fuisse3
923 936 995 981 nam
1018 919 1137 983 coniec-

58 1020 121 1081 tura
150 1036 194 1081 ea
217 1016 330 1084 delore
352 1020 480 1084 sanein
502 1022 638 1085 mentem
665 1039 723 1085 non
751 1024 845 1086 venit.
892 1021 994 1087 idida
1016 1042 1082 1088 esse
1103 1024 1135 1086 in

60 1123 191 1201 r11,c,
216 1124 240 1186 3
275 1109 495 1208 (effectum)
525 1129 595 1211 post
624 1118 767 1210 Pigliium
800 1127 943 1193 Halmius
974 1130 1135 1208 intellexit,

61 1228 107 1293 sed
137 1229 252 1294 tribus
285 1230 364 1296 locis
392 1250 410 1295 a
437 1248 511 1295 vero
541 1232 700 1298 aberravit
748 1232 842 1298 'Nam
864 1234 921 1312 IV,
948 1229 1136 1317 1‚14per-

62 1328 199 1418 spicuum
225 1337 297 1414 est,
321 1355 337 1401 e
360 1336 464 1401 codice
486 1337 600 1418 optimo
629 1337 742 1403 additis
769 1339 886 1405 duabus
916 1341 1027 1404 litteris
1060 1343 1137 1423 scri-

63 1442 191 1506 bendum
218 1443 269 1507 sic
292 1461 376 1508 esse:
400 1443 471 1507 'l‘ot
491 1441 660 1506 familiis
685 1441 727 1507 in
749 1465 822 1510 uno
843 1465 987 1529 genere
1008 1448 1135 1513 laudis

63 1548 323 1628 enumeratis,
346 1547 528 1613 Porcium
548 1565 699 1625 nomen,
722 1550 828 1614 velut
850 1570 981 1634 expers
1003 1553 1138 1618 huius·

63 1674 96 1718 ce
127 1656 291 1739 gloriae,
328 1653 494 1718 silentio
520 1640 827 1734 praetertundum
857 1675 945 1722 esse
974 1658 1051 1740 (cod.
1075 1660 1137 1740 se),

63 1763 174 1845 negat
196 1759 405 1844 posterior
419 1757 514 1824 (tato
536 1758 581 1841 (id
602 1759 659 1836 est,
682 1759 773 1826 factis
788 1761 851 1826 suis
867 1763 1014 1843 praeteriri
1029 1764 1136 1845 vetat).

64 1865 132 1930 Cum
162 1867 232 1932 levi
263 1884 365 1930 errore
393 1865 535 1930 turbatus
562 1865 706 1930 orationis
728 1886 822 1932 nexus
852 1869 946 1944 esset,
977 1871 1045 1950 post
1075 1889 1138 1933 ne-

63 1976 122 2054 gat
143 1971 300 2036 additum
325 1971 374 2035 est
394 1969 486 2034 fieri
507 1970 661 2048 debere,
683 1971 748 2049 sed,
772 1977 808 2037 ut
829 1972 899 2050 dixi,
921 1973 953 2036 in
974 1974 1038 2036 eod.
1060 1974 1140 2036 Ber-

63 2080 143 2144 uensi
167 2081 336 2154 notatum,
359 2078 391 2140 in
414 2076 523 2141 ceteris
545 2076 612 2140 sine
633 2085 713 2142 nola.
760 2079 808 2141 De
832 2079 890 2154 Vl,
914 2078 947 2155 9,
976 2080 990 2138 l
1015 2081 1047 2150 et
1068 2080 1138 2158 Vll,

64 2185 89 2260 3,
109 2186 150 2245 10
173 2186 247 2249 iam
273 2202 334 2248 non
364 2201 441 2265 opus
467 2200 532 2246 esse
561 2183 637 2264 puto
665 2185 831 2266 separatim
860 2184 928 2247 dici.
979 2183 1072 2249 Gellii
1093 2187 1138 2250 lo-

64 2310 124 2355 cum
147 2291 178 2367 I,
203 2290 239 2365 3,
271 2288 312 2351 29
345 2287 494 2352 facillime
521 2288 565 2352 sie
592 2288 821 2353 decurrentem:
855 2291 1032 2372 quoniam
1059 2312 1138 2375 pro·

63 2397 158 2461 fecto
190 2413 403 2460 causarum
438 2413 478 2458 ac
511 2395 971 2482 temporumvarietates
1001 2398 1139 2463 discri-

64 2503 290 2583 minumque
328 2519 371 2564 ac
409 2498 728 2565 differentiarum
761 2501 977 2566 tenuitates
1011 2505 1139 2570 decre-

64 2626 138 2672 :nm
166 2606 426 2690 (derectumf)
452 2590 563 2688 atquc
584 2610 810 2688 perpetuum
833 2606 1139 2692 distinctumque

64 2716 94 2778 in
126 2715 256 2779 rebus
290 2711 457 2794 singulis
490 2715 874 2794 p1·aeceptum..,non
907 2715 1063 2794 capiunt
1094 2719 1140 2798 (id

64 2826 120 2895 est,
146 2838 218 2884 non
244 2817 399 2898 recipiunt
419 2835 475 2880 nec
497 2817 678 2901 admittunt)
706 2836 830 2900 prorsus
857 2819 1048 2899 perturbavit
1069 2841 1141 2904 par-

64 2926 207 3010 ticipium
252 2924 478 3006 ignorantes
509 2924 590 2987 inter
621 2924 841 2988 tenuitates
879 2926 911 2988 ct
947 2924 1140 2989 decretum

64 3038 193 3116 propter
228 3028 405 3112 longiorem
435 3029 593 3093 verborum
623 3029 732 3093 seriem
760 3032 792 3093 et
817 3033 941 3112 propter
967 3031 1139 3113 ignoratam

64 3140 145 3203 serbi
175 3135 347 3217 capiunt
376 3135 440 3199 vim
466 3135 614 3199 additum.
663 3135 840 3200 Postremus
870 3137 911 3200 sit
940 3155 975 3199 ex
1005 3137 1061 3200 hoc
1086 3155 1141 3217 ge-

64 3264 130 3308 nere
156 3243 294 3307 Senecae
316 3241 402 3304 loeus
429 3241 460 3303 in
483 3242 571 3322 epist.
595 3241 634 3302 36
657 3241 745 3317 extu,
776 3242 828 3305 ubi
857 3242 938 3324 quod
961 3242 1074 3304 editur:
1109 3241 1141 3304 si

63 3352 127 3417 loc
154 3366 280 3413 unum
306 3346 498 3424 adiecero,
527 3366 594 3411 nec
621 3347 790 3410 infantes
819 3367 888 3411 nec
914 3365 1051 3427 pueros
1074 3365 1142 3409 nec
1241 3408 1243 3412 .

131 3641 188 3693 aut
208 3635 288 3689 ultra
307 3645 388 3699 quem
407 3629 629 3698 progrediendum
651 3647 704 3684 non
731 3632 781 3701 sit,
808 3644 888 3698 prave
906 3625 1014 3679 additur
1034 3644 1142 3694 qnan-

131 3736 234 3791 tum,
260 3725 298 3786 ll,
319 3727 360 3784 10,
386 3723 434 3775 ⁶27:
458 3723 566 3776 serito
584 3726 727 3789 tanturn,
755 3720 933 3792 [quantum]
956 3721 993 3772 ut
1011 3720 1142 3790 singuli

132 3819 262 3893 cyathi
288 3798 433 3869 seminis
462 3813 572 3868 locum
602 3819 768 3884 occupent
798 3815 908 3868 decern
931 3811 1046 3879 pedum
1070 3814 1142 3867 lon-

134 3931 217 3986 gum
240 3913 274 3964 et
298 3908 454 3978 quinque
472 3907 592 3974 latum,
617 3910 644 3961 et
663 3911 684 3973 l,
704 3910 728 3972 4,
748 3912 777 3963 8:
802 3908 902 3973 atque
927 3921 1009 3958 areae
1027 3906 1143 3976 pedem

133 4008 283 4062 tantum
303 3997 574 4064 complectatur,
598 4000 686 4070 qnod
711 4000 761 4053 ait
779 3999 873 4063 Cato,
903 3999 1082 4067 [quantum]
1103 4014 1144 4050 ne

133 4098 230 4153 villa
249 4092 395 4149 fundum
415 4094 542 4159 querat
558 4108 640 4148 neve
658 4091 786 4145 fundus
805 4090 940 4144 villam:
