2580 4530
218 270 278 333 588
641 267 768 331 Iunio.

274 466 409 535 lbd.13:
430 465 512 543 esic
528 465 702 553 ’Έλληνας
723 463 863 553 ἥδιστον
885 467 997 538 ποτόν
1018 473 1083 559 τῆς
1104 476 1238 542 ἕλεσθε·

176 575 250 658 ρίας
270 566 454 661 γεύσαντες
476 572 551 654 ὅξος
575 578 717 661 ἐνέχεαν.
760 575 825 641 Sor.
848 579 1039 644 necessario:
1061 574 1238 665 ἡδίστου

175 681 309 746 ποτοῦ
324 683 386 766 σῆς
402 684 610 769 ἐλευθερίας.
638 682 699 749 ofr.
712 683 819 767 Pyrrh.
831 702 856 747 o.
864 683 914 747 30.
938 683 971 750 O.
983 684 1022 746 17
1033 704 1092 768 pro
1103 688 1238 772 πλῆθος

175 792 223 853 ἔτι
247 789 301 854 καί
325 788 389 854 νῦν
412 782 588 875 κερμάτων
610 808 684 854 sor:
708 781 847 873 πλῆθος
868 814 910 855 σι
940 791 997 856 καί
1020 793 1089 859 νῦν
1111 797 1237 874 (certum

176 895 329 976 quendam
351 902 532 973 numerum).
758 898 761 903 ’

201 1034 209 1048 ·
274 1001 344 1067 Ibd.
356 1002 414 1066 26:
436 997 498 1067 οόν
514 1001 547 1067 oo
564 996 757 1087 dorycnium
781 1000 917 1067 πολλῶν
931 997 1128 1088 παρόντων
1140 1003 1239 1079 σίλλος

175 1131 213 1171 σε
245 1108 413 1191 μαντείας
445 1108 521 1184 καί,
560 1098 602 1192 ἧς
633 1116 731 1174 ἕνεκα
768 1099 915 1184 πλάσαι,
938 1105 1024 1194 ’τήν
1064 1113 1145 1195 περί
1183 1113 1238 1198 τῆς

174 1215 365 1299 βασιλείας,
397 1210 440 1287 οἷς
464 1241 492 1279 ν.
515 1238 543 1278 a.
566 1214 596 1278 λ.
653 1213 772 1279 Vitium
800 1215 945 1280 orationis
975 1217 1070 1282 multi
1098 1217 1238 1285 viderunt

175 1339 233 1387 neo
256 1323 419 1388 obscurum
442 1322 499 1398 est,
522 1338 589 1403 quae
611 1320 764 1385 sententia
784 1321 893 1386 subsit.
937 1320 1067 1407 Sumpto
1084 1323 1233 1389 aMurcto

176 1431 339 1505 ἔπλασαν,
356 1425 549 1492 scribendum
560 1418 695 1490 videtur:
717 1413 757 1510 ἧς
771 1433 871 1493 ἕνεκα
887 1421 1024 1500 παίσας
1045 1430 1237 1496 ἔπλασαν.

178 1533 278 1600 Causa
303 1532 426 1617 quidem
449 1527 560 1596 erroris
586 1549 623 1596 ex
644 1530 846 1599 similitudine
869 1534 1044 1600 litterarum
1066 1538 1205 1620 apparet.

277 1637 355 1704 Sull.
368 1659 393 1703 e.
406 1641 441 1702 4:
462 1630 542 1722 Ἐφ’
564 1627 589 1725 ᾦ
611 1626 715 1724 φησιν
736 1632 841 1714 αιίσός
863 1641 1005 1726 ἰσχυροῖς
1020 1634 1162 1709 α’νιᾶσαι
1183 1635 1239 1708 οόν

177 1739 325 1830 Μάριον.
368 1745 439 1810 Non
461 1745 527 1827 ipse
549 1764 581 1810 se
603 1744 689 1810 Sulla
711 1747 754 1825 (in
776 1747 1005 1814 commentariis
1028 1746 1067 1813 de
1088 1749 1157 1814 vita
1176 1752 1239 1829 sua)

177 1852 312 1944 Marium
338 1850 424 1928 (data
449 1855 552 1933 opera)
580 1843 716 1917 οίνιᾶσαι
744 1854 897 1931 mutarat,
926 1851 980 1918 sed
1002 1852 1140 1920 Marium
1164 1871 1239 1940 agre

175 1958 286 2024 tulisse
310 1956 412 2022 Catuli
434 1956 550 2022 milites
571 1956 686 2025 lautius
695 1958 825 2034 'urere
864 1952 1077 2027 α’νιὰσθαι
1116 1962 1238 2046 (imper-

175 2064 257 2129 fecte
279 2065 429 2146 tempore,
452 2056 598 2146 ἠνιᾶτο).
665 2057 669 2063 “

175 2267 312 2348 παύσας
347 2268 365 2339 ὁ
402 2275 608 2349 Σουλπίκιος
641 2269 702 2341 οὐκ
736 2269 893 2362 α’φείλετσ
928 2278 991 2345 τοῦ
1025 2272 1143 2346 Σύλλα
1179 2273 1238 2363 τήν

174 2373 352 2445 ὑπατείαν.
385 2380 453 2447 Non
471 2384 635 2468 ἐπαρχίαν
656 2383 829 2464 (provinciae
841 2382 1165 2472 administrationem),
1188 2384 1239 2451 sed

175 2480 294 2574 α’ρχήν,
324 2488 516 2559 consulatum
524 2489 703 2571 ‚OEompeio
726 2488 876 2571 Sulpicius
898 2488 1065 2573 abrogavit.
1114 2490 1238 2555 (lodices

176 2586 366 2678 ἐπάρχοντα
404 2586 560 2676 ποιήσας.
591 2593 741 2659 hortum
775 2597 822 2660 est
847 2595 1048 2660 Plutarchum
1083 2597 1239 2680 scripsisse

174 2695 360 2786 ἄπαρχσν
399 2691 597 2784 ποιήσας,
642 2694 701 2765 ots'i
744 2697 895 2787 ἄπαρχος
927 2720 987 2766 non
1028 2700 1237 2785 reperiturin

173 2800 288 2872 lexicis.
331 2805 380 2870 Sic
402 2799 665 2893 α’ποστροίτηγόν
686 2833 761 2873 τινα
785 2820 910 2882 ποιεῖν,
928 2807 992 2895 hoo
1015 2809 1071 2884 est,
1096 2832 1238 2894 στρατη-

173 2911 253 2996 γίαν
288 2912 437 2990 adimere,
468 2913 545 2979 dixit
571 2912 701 2995 scriptor
727 2912 913 2997 [Demosth]
942 2913 1088 2979 orationis
1114 2915 1148 2978 in
1170 2913 1237 2991 Ari-

174 3017 356 3102 stogitonem
379 3019 497 3103 etipse
518 3021 700 3086 Plutarchus
724 3019 922 3095 (Marcelle.
945 3020 1012 3101 22),
1035 3012 1236 3106 ἀπόμισθον

173 3148 249 3189 τινα
284 3136 396 3190 ποιεῖν
414 3124 591 3207 Xenophon.
644 3124 816 3208 Cognatum
839 3127 887 3190 est
907 3118 967 3189 εἶπ’
996 3118 1102 3211 α’ρχῆς
1127 3127 1236 3214 γίγνε-

174 3230 305 3313 coefi).
340 3229 398 3316 (De
422 3249 447 3296 c.
473 3231 510 3291 17
534 3230 651 3294 dictum
673 3235 721 3296 est
740 3251 770 3313 p.
797 3231 862 3315 21.)

201 3619 223 3686 ¹)
242 3618 375 3684 Quoniam
393 3616 442 3669 hoe
458 3616 540 3685 paulo
559 3617 646 3670 rarius
664 3619 751 3670 estet
774 3615 846 3684 quod
863 3615 949 3669 audax
968 3615 1053 3669 videri
1072 3617 1160 3686 possit
1182 3633 1236 3671 eor·

242 3709 348 3779 rigandi
367 3725 464 3778 genus,
487 3708 533 3761 sed
551 3708 686 3763 interdum
704 3711 806 3761 certum
825 3711 853 3761 et
870 3708 1062 3774 necessarium,
1088 3725 1141 3777 quo
1160 3726 1236 3764 voca·

241 3799 305 3853 bula
324 3801 508 3854 restituuntur
520 3798 587 3854 alibi
605 3816 659 3853 nou
671 3798 748 3861 lecta,
768 3797 814 3852 sed
836 3801 914 3852 iusta
933 3797 1070 3853 formicet
1088 3803 1237 3872 opportune

241 3907 257 3943 a
275 3891 450 3960 scriptoribus
468 3891 540 3955 fieta,
560 3891 685 3961 colligam
699 3890 818 3946 hocloco
834 3889 933 3955 Graes,
953 3907 1011 3960 quae
1030 3890 1112 3946 huius
1131 3895 1238 3963 generis

241 3983 368 4050 protraxi,
405 3983 476 4038 Nam
486 3984 613 4053 AEsehylo
631 3983 741 4037 reddere
759 3985 869 4038 conatus
888 3999 946 4036 sum
966 3979 1133 4050 λεπιότονος
1151 3987 1236 4054 (Pers.
