2580 4530
219 275 257 338 92
450 328 453 334 ‚
655 277 716 334 Lib.
735 278 759 335 l.

175 479 303 542 mente
334 478 463 561 lapsos
495 478 635 572 timere
669 481 845 555 mortem,
875 497 973 561 neque
999 496 1106 544 verum
1129 496 1181 561 per
1203 495 1235 543 se

176 584 224 647 est
254 581 309 664 (-
332 602 405 649 nam
437 583 525 666 pueri
546 577 753 667 ‘ychemeuter
785 586 915 649 mortem
948 583 1151 650 extimescunt
1182 584 1235 666 -)

175 705 273 770 neque
295 690 402 771 aptum
428 688 468 754 ad
494 688 539 766 id,
571 689 653 772 quod
680 689 887 772 significetur,
915 691 1048 755 mortem
1074 707 1174 772 neque
1197 690 1235 754 ab

172 792 212 858 iis
232 792 346 870 timeri,
367 794 399 859 in
422 794 531 877 quibus
552 795 631 860 ratio
652 795 788 861 nondum
814 796 919 860 lumen
948 796 1107 874 extulerit,
1137 814 1235 879 neque

175 899 282 984 abiis,
302 899 333 963 in
356 901 465 982 quibus
487 901 636 965 exstincta
657 900 708 966 sit.
744 901 812 965 Duc
834 919 949 986 genera
971 901 1086 966 Seneca
1100 901 1233 966 fecerat:

174 1004 434 1071 nec-infantes
456 1025 591 1088 pueros
610 1024 681 1069 nec
708 1008 839 1071 mente
864 1007 1012 1089 lapsos3
1034 1007 1236 1090 interpolator

37 1205 39 1208 .
174 1110 283 1175 inscite
304 1130 412 1193 pueros
434 1111 472 1174 ab
494 1109 850 1193 infantibusseparavit.

257 1215 338 1281 Satis
367 1217 424 1281 boc
450 1217 498 1281 esi
527 1218 751 1299 exemplorum,
781 1219 890 1298 quibus
920 1218 1027 1283 eadem
1055 1217 1155 1281 caude
1178 1215 1233 1281 ad-

172 1321 325 1405 iungenda
356 1324 423 1400 est,
458 1341 551 1404 quam
584 1322 615 1386 in
648 1322 777 1405 cognato
810 1324 964 1389 scribendi
992 1341 1091 1388 errore
1117 1322 1232 1389 addidi.

172 1428 255 1492 Nam
276 1428 465 1512 hicqueque
488 1437 638 1492 neuram
666 1427 704 1491 dc
732 1428 864 1494 librariis
893 1429 1085 1494 incredibilia
1111 1429 1232 1512 lingun-

171 1535 233 1612 tur,
256 1553 310 1600 uec
331 1537 453 1599 tantum
474 1535 510 1598 de
525 1535 715 1618 singulorum
736 1536 909 1613 verbemm,
931 1535 988 1600 sed
1009 1534 1046 1598 de
1068 1534 1232 1599 maioribus

172 1641 206 1704 et
221 1642 325 1726 ,magis
347 1640 517 1706 artificiosis
540 1639 769 1706 additamentis.
812 1640 893 1706 Nem
915 1643 950 1705 ut
976 1641 1008 1704 in
1039 1659 1137 1723 prosae
1163 1659 1232 1704 ora-

172 1746 263 1811 tionis
287 1747 485 1831 scriptoribus
506 1747 718 1812 annotationes
738 1747 925 1832 marginales
953 1745 1108 1815 interdum
1136 1745 1232 1809 licen·

172 1852 219 1916 ter
242 1854 274 1917 et
301 1855 418 1919 temere
443 1853 616 1937 finguntur,
634 1900 637 1909 .
652 1854 707 1920 εἰσ,
725 1855 756 1918 in
782 1856 940 1936 poetamm
971 1853 1112 1935 operibus
1139 1851 1231 1916 nimis

171 1959 260 2024 facile
282 1979 389 2025 versus
412 1961 524 2044 singuli
546 1959 756 2042 compluresve
783 1960 816 2023 in
845 1959 1048 2041 suspicionem
1075 1957 1233 2022 adducun-

171 2064 223 2129 tur
244 2084 262 2128 e
283 2066 385 2130 neseio
406 2067 515 2149 quibus
537 2066 804 2148 interpolatoribus
826 2066 857 2129 et
883 2063 1015 2128 falsariis
1042 2082 1077 2130 eo
1107 2064 1233 2129 consilio

173 2171 335 2252 compositi
357 2191 433 2249 esse,
457 2174 492 2236 ut
512 2172 593 2236 veris
614 2172 881 2247 intersererentur3
909 2189 981 2235 nam
1002 2189 1126 2253 prorsus
1148 2170 1233 2234 frau-

173 2275 312 2340 dulentos
334 2277 430 2354 nobis,
453 2295 511 2341 non
534 2277 687 2359 simplices
710 2276 848 2340 hemines
869 2274 1021 2358 rudesque
1043 2276 1141 2341 critici
1162 2275 1230 2359 qui·

171 2380 242 2446 dam
264 2381 391 2464 lingunt.
438 2383 482 2447 Ut
503 2383 585 2446 enim
607 2382 746 2464 exempla
772 2382 843 2445 sunt
871 2400 1015 2446 versuum
1040 2383 1230 2466 singulorum

171 2489 225 2551 aut
245 2506 411 2567 paucorum
434 2488 472 2551 ad
494 2489 633 2552 lacunam
656 2487 859 2569 antiquiorem
889 2487 1026 2551 codicum
1048 2487 1231 2570 explendam

171 2593 224 2656 aut
245 2593 402 2670 mendum,
425 2612 482 2675 quc
504 2593 656 2658 sententia
676 2586 862 2676 pessundata
885 2597 981 2671 esset,
1012 2593 1230 2659 occultandum

171 2700 226 2763 aut
247 2700 342 2763 etiam
363 2699 403 2763 ad
425 2699 626 2777 senteutiam,
649 2718 716 2783 quea
739 2700 819 2764 curti
839 2699 954 2781 aliquid
976 2700 1087 2764 habere
1109 2699 1230 2763 videre-

170 2804 230 2881 tur,
252 2801 501 2886 amplificandam
523 2805 768 2888 excogitatorum,
789 2805 835 2870 iia
855 2825 977 2888 prorsus
992 2807 1031 2871 ab
1054 2807 1139 2871 omni
1159 2825 1231 2888 pre-

170 2908 329 2980 babilitate
351 2908 529 2987 abhorrent,
559 2929 625 2993 quae
654 2930 735 2976 nune
763 2930 781 2975 a
809 2913 991 2994 quibusdam
1014 2913 1051 2977 de
1072 2913 1231 2995 tragoediis

171 3013 286 3081 Graecis
308 3014 445 3079 versibus
467 3016 578 3097 spuriis
600 3017 736 3101 impletis
760 3020 933 3083 narrantur.
981 3019 1072 3095 Nem,
1095 3019 1233 3083 contenti

169 3120 288 3216 futiles¹
307 3120 339 3184 et
367 3119 485 3201 ineptos
514 3120 747 3204 interpolatores
778 3125 949 3206 appellare,
980 3144 1090 3208 neque.
1110 3125 1231 3208 quaudo

169 3226 217 3292 illi
243 3227 382 3293 homines
409 3225 554 3304 vixerint,
586 3228 708 3306 dicunt,
740 3249 838 3312 neque
860 3231 1029 3297 cuiusmodi
1049 3231 1179 3295 scientia
1200 3232 1232 3295 et

75 3408 78 3413 ,
169 3335 237 3399 arte
258 3331 379 3415 praediti
399 3332 523 3410 fuerint,
547 3353 644 3417 neque
666 3355 724 3418 quc
746 3338 870 3403 consilio
890 3339 959 3404 illes
981 3357 1097 3414 versus,
1120 3338 1231 3421 quibus

170 3440 301 3505 sublatis
316 3439 418 3504 emnia
435 3441 512 3503 bene
527 3440 638 3505 habere
653 3441 853 3521 affirmantur,
875 3444 1112 3526 interposuerint
1132 3463 1231 3527 neque

171 3547 321 3629 quomodo
360 3565 408 3610 eos
440 3543 472 3609 in
504 3546 622 3611 codices
653 3547 889 3626 insinuaveriut3
927 3551 953 3615 si
991 3552 1093 3614 autem
1126 3549 1232 3615 iudicii

171 3671 279 3717 causas
312 3653 343 3717 iu
380 3653 507 3737 siugulis
539 3652 616 3717 locis
643 3673 779 3737 quaeras,
815 3643 869 3720 aut
896 3657 972 3721 nihil
1004 3656 1064 3721 nisi
1093 3657 1232 3722 convicia

171 3760 346 3823 communia
387 3761 520 3844 reperies
549 3761 602 3824 aut
633 3762 763 3842 superba
798 3762 913 3840 edicta,
948 3763 1057 3847 quibus
1088 3766 1233 3830 vetantur

78 3916 81 3923 .
170 3863 282 3948 tragici
303 3867 389 3949 eopia
411 3866 542 3949 quadam
565 3868 596 3929 et
617 3867 757 3932 ubertate
781 3868 914 3935 naturali
935 3869 1057 3935 dicendi
1084 3890 1231 3952 personas

170 3971 293 4035 utentes
333 3972 487 4049 inducere,
517 3973 566 4055 (ut
597 3971 760 4053 Sophocles
791 3973 823 4036 in
855 3973 950 4039 Aiace
989 3974 1064 4059 327)
1103 3996 1232 4060 genera·

167 4075 270 4142 lemve
289 4079 475 4143 senteutiam
488 4080 688 4163 interponere,
703 4078 757 4142 eut
771 4078 920 4144 eiusmodi
934 4080 1148 4159 dubitationes,
1165 4103 1232 4166 quae
