2580 4530
377 158 393 205 ’.ἱ
460 156 484 211 Ι“.

1011 320 1013 326 Ι
1054 222 1118 301 1ci

86 434 211 498 turum
233 454 334 512 esse,
358 454 420 501 non
438 437 525 520 prius
544 437 743 516 constituant,
777 439 849 521 qnid
871 439 968 503 soleat
995 439 1060 502 haec
1083 458 1155 503 oon-

85 539 203 604 innctio
224 544 308 607 certo
335 545 367 608 et
388 543 531 627 legitimo
555 562 613 623 usu
644 543 826 628 significare.
877 543 959 609 Nam
986 545 1037 627 qni
1059 558 1154 608 unum

87 647 229 728 quemvis
258 648 374 713 librum
404 649 548 717 Graeoum
571 649 666 735 legit,
697 651 724 714 ei
753 651 861 715 notum
890 668 957 715 esse
987 649 1093 754 debet,
1121 632 1154 714 se

86 752 196 834 quavis
224 753 348 837 pagina,
376 756 535 821 interdum
569 757 692 840 quidem
724 758 771 819 ter
800 756 962 838 quaterve,
992 756 1031 828 et,
1052 756 1153 836 ipsum

86 859 176 943 φημὶ
196 859 319 944 (οἶμαι)
336 863 476 946 ποιήσαι
493 861 689 944 interpretari
712 862 794 926 dico
811 862 924 944 (puto)
941 863 1162 943 medecisse·

87 967 127 1041 et
143 964 172 1029 si
187 966 338 1049 magister
349 971 408 1046 ost,
420 989 439 1033 a
453 967 610 1049 discipulis
624 967 786 1050 postulare,
803 968 838 1031 ut
851 966 895 1031 sic
908 966 1154 1049 interpretentur,

86 1089 143 1135 nec
163 1090 302 1154 unquam
329 1073 363 1137 in
391 1074 449 1137 hac
480 1072 689 1137 coniunctione
717 1073 882 1149 acastum,
912 1072 1052 1153 deposita
1075 1071 1152 1136 certi

86 1178 236 1259 temporis
258 1177 494 1261 significatione,
515 1198 570 1260 pro
591 1179 735 1262 prasenti
756 1178 897 1253 actionis,
919 1179 955 1241 ut
975 1177 1020 1241 ita
1045 1176 1153 1255 dicam,

88 1285 315 1347 momentanea
336 1283 439 1348 indice
460 1284 540 1366 poni,
566 1285 825 1368 quemadmodum
847 1277 1017 1369 βούλομαι
1042 1286 1172 1348 ποιεῖν’

88 1390 121 1453 et
151 1389 292 1474 ποιῆσαι
316 1389 452 1466 dinatum
477 1389 604 1468 deinde,
628 1390 655 1455 si
689 1391 831 1474 ποιήσω’
853 1416 939 1476 φημι
963 1390 1094 1473 (οἶμαι)
1121 1389 1154 1454 in

87 1494 184 1560 aliam
217 1495 312 1565 etiam
341 1496 544 1561 transferatur
566 1496 838 1580 significationem,
860 1499 985 1563 ,nullam
1019 1498 1150 1581 relinqui

87 1602 231 1681 formam,
253 1620 314 1685 qua
335 1601 436 1667 Graeci
456 1603 488 1666 in
514 1603 571 1668 hac
599 1603 761 1667 vorborum
787 1603 996 1669 coniunctione
1025 1605 1153 1686 praeter-

87 1709 169 1772 itum
198 1710 321 1789 tempus
357 1708 499 1773 universe
537 1712 619 1775 certo
655 1711 687 1774 et
721 1709 880 1791 perspicue
908 1710 1032 1786 notent3
1067 1712 1153 1789 (nam

89 1814 314 1896 πεποιηκέναι
354 1814 511 1896 propriam
547 1816 699 1898 quandam
738 1815 831 1879 habet
848 1815 1154 1899 significationem)

87 1921 249 2003 postremo
276 1920 307 1983 in
332 1920 454 1984 infinita
486 1921 619 1985 oratione
647 1921 728 2005 apud
759 1920 934 1985 huiusmodi
963 1921 1056 1984 verba
1091 1920 1154 1984 haec

88 2025 151 2089 tria
173 2028 326 2108 ποιήσοι,
348 2026 490 2112 ποιήσαι
513 2023 566 2104 du,
590 2023 747 2110 ποιήσειν
761 2026 945 2109 respondere
957 2027 996 2090 ad
1008 2026 1156 2090 amussim

88 2129 139 2195 his
171 2130 204 2194 in
225 2133 309 2196 recta
330 2133 478 2207 oratione,
512 2118 664 2223 ἕποι’ήσα,
702 2125 883 2218 ποιήσαιμι
920 2128 974 2206 dv,
1012 2127 1153 2216 ποιήσω,

89 2236 247 2320 (ποιήσαι
283 2234 326 2301 ἄν
357 2237 454 2303 etiam
488 2242 574 2305 recto
597 2241 738 2325 ἐποίησα
776 2236 841 2317 dm)
875 2241 919 2316 ut,
952 2231 988 2303 si¹
1012 2239 1153 2322 ποιήσαι

88 2343 210 2406 eertum
232 2341 331 2407 locum
354 2345 488 2419 amittat,
509 2347 542 2410 in
564 2345 689 2429 obliqua
711 2346 863 2415 sententia
881 2348 963 2410 certo
985 2346 1072 2410 reddi
1093 2365 1152 2409 non

88 2448 190 2528 possit
210 2451 301 2512 rectae
323 2451 466 2515 orationis
490 2452 673 2536 significatio
694 2471 800 2534 neque,
828 2439 975 2515 translato
1005 2452 1036 2514 in
1059 2451 1153 2516 alium

88 2553 195 2618 locum
217 2556 368 2638 ποιήσαι,
391 2559 426 2622 nt
435 2578 488 2639 pro
500 2559 601 2623 futuro
617 2559 744 2629 dicatur,
761 2555 824 2620 nlla
844 2558 949 2621 tamen
960 2559 1045 2621 nasci
1056 2559 1154 2640 possit

89 2680 172 2726 nova
194 2661 392 2744 significatio,
426 2683 492 2746 quae
522 2664 617 2728 ullam
640 2666 731 2729 rectae
754 2663 899 2728 orationis
920 2662 1154 2727 inclinationem

90 2766 265 2832 adumbret.
313 2770 421 2851 ltaque
453 2771 627 2853 perridiculi
664 2773 736 2836 sunt
771 2773 880 2850 (neque
918 2769 1000 2833 enim
1034 2769 1153 2833 mitiore

90 2872 238 2936 vocabulo
266 2873 303 2938 de
331 2876 368 2938 iis
397 2877 444 2940 uti
470 2895 609 2957 possum,
645 2878 697 2959 qui
724 2874 874 2940 admoniti
902 2875 932 2937 et
962 2860 1072 2957 saepius
1097 2875 1152 2939 ad·

90 2979 201 3042 moniti
221 2980 277 3043 has
299 2978 386 3045 nobis
408 3001 504 3065 nugas
527 2982 684 3064 occinunt)
707 2981 801 3064 etqui
821 2980 889 3044 ideo
903 2980 1042 3063 ποιήσαι
1073 2979 1153 3061 apud

92 3085 183 3169 φημί
212 3087 244 3148 et
274 3086 369 3171 οἶμαι
404 3088 436 3150 in
465 3087 559 3151 futuri
588 3087 840 3172 significationem
872 3086 1031 3151 transferri
1062 3104 1152 3168 posse

91 3197 229 3272 narrant,
254 3195 335 3279 quod
355 3196 484 3259 aoristus
506 3194 651 3258 infinitivi
681 3175 802 3257 nullam
828 3193 903 3256 certi
924 3191 1069 3274 temporis
1091 3189 1153 3272 sig-

92 3300 302 3364 nificationem
324 3301 445 3377 habeat,
468 3303 500 3364 et
522 3299 574 3382 qui
595 3299 674 3362 mira
689 3298 826 3380 quaedam
843 3300 873 3362 et
894 3297 1063 3363 subtiliase
1085 3314 1154 3376 rep-

92 3406 209 3486 perisse
242 3408 363 3489 putant,
396 3402 462 3488 quae'
496 3405 699 3487 assequantur
729 3404 837 3482 Graeci,
867 3406 893 3469 si
921 3404 1059 3485 ποιήσοι
1090 3409 1154 3484 ἔφη

95 3512 148 3574 aut
171 3508 249 3595 ῷιιο
276 3532 331 3594 pro
359 3504 517 3594 ποιήσαιο
535 3510 693 3589 ,dixerint
726 3530 799 3574 nam
827 3511 907 3592 ipse,
939 3509 1025 3571 cuius
1055 3508 1153 3572 oratio

95 3616 139 3678 sic
159 3618 314 3692 redditur,
336 3638 395 3682 non
422 3618 542 3699 poterat
564 3617 622 3680 nisi
650 3617 704 3680 aut
732 3610 862 3700 ποιήσοι
892 3616 946 3678 aut
973 3606 1153 3696 ποιήσαιμι

97 3716 139 3782 dv
161 3721 303 3797 dicere.¹)
344 3725 381 3787 In
408 3723 465 3786 hac
493 3724 598 3809 autem
626 3722 697 3801 tam
724 3727 828 3806 aperta
857 3723 889 3785 et
917 3719 1000 3784 facili
1029 3723 1060 3784 ct
1082 3721 1155 3802 apta

100 3828 294 3841 *—

124 3863 146 3930 ¹)
163 3866 287 3921 Poteram
310 3868 398 3920 multa
422 3866 535 3919 mirifica
553 3865 677 3934 proferre,
703 3866 726 3918 si
744 3868 793 3919 aut
811 3865 958 3918 Hermanni
977 3868 1032 3929 ant
1053 3869 1085 3930 ut
1102 3866 1154 3920 mi-

168 3973 244 4010 nores
262 3961 402 4021 nominem,
429 3959 608 4021 Baumleinii‚
632 3957 766 4017 Herbstii‚
786 3957 899 4010 aliorum
923 3956 1060 4026 disputata
1085 3975 1155 4011 nunc

166 4051 284 4104 evolvere
302 4052 387 4106 otium
406 4055 434 4106 et
452 4053 557 4106 animus
577 4054 659 4117 esset3
686 4049 731 4104 sed
754 4049 820 4107 tria,
850 4065 908 4116 qua
927 4049 994 4103 mihi
1014 4042 1069 4104 haec
1088 4051 1151 4105 scri·

143 4142 253 4175 manwen
265 4143 341 4176 Διιπιι.
353 4145 402 4177 cm.
927 4153 956 4199 Η
