2580 4530
638 278 697 339 nili.
716 284 739 337 1.
1140 284 1180 347 87

89 473 159 541 nnis
186 476 252 542 και
289 471 476 567 τόλμης
511 487 570 551 nol
595 489 757 560 οιινέοιως
779 480 835 562 dd}
820 491 857 562 ξα
881 505 947 551 esse
947 485 985 569 t),
947 486 1107 551 tsoriba
1128 505 1222 571 gene·

95 582 139 647 tri
157 576 357 652 mtioneni
389 608 472 655 non
507 591 672 674 expediens
704 593 939 676 perticipium·
935 591 1030 656 -nnde
1064 592 1221 675 penderet

100 690 226 772 ineptum
255 693 425 761 adiecit.
485 696 552 762 ssd
578 716 639 763 non
660 699 761 779 minus
783 701 837 764 sut
856 699 1023 765 molestum
1045 699 1099 762 sut
1119 699 1220 762 mani-

108 797 209 861 lutum
239 798 422 867 eiusdem
449 802 582 888 generis
605 803 715 868 vulnus
736 804 887 869 inflictum
911 806 958 869 est
979 804 1068 869 initio
1089 805 1221 915 proximi

115 903 211 986 illifis
243 906 352 1026 (36)·
404 910 496 975 Ίῶν
529 910 563 975 δὲ
549 902 857 993 ὲηιιοοδντωντόν
871 902 1135 1032 Ἀλκιβιάδην
1120 936 1156 973 ss
1174 910 1219 996 ’τω

119 990 342 1100 οτροτοπέδῳ
385 1008 650 1102 Θρασύβουλος
672 1042 689 1082 o
682 1009 899 1099 Θραοωνος
916 1010 1039 1102 ἐχθρός
1054 1040 1102 1080 ων
1127 1009 1218 1100 α’πη-

124 1142 170 1199 ριν
192 1123 246 1191 εἰς
270 1113 475 1204 Ἀθήναν
505 1115 758 1209 κατηγορήσων.
808 1124 896 1186 Itane
922 1126 1013 1187 vero?
1045 1121 1219 1205 Thrasybu-

125 1223 239 1289 lusne
230 1226 404 1293 mimicus
431 1230 502 1293 erut
524 1248 645 1306 eorum,
678 1230 729 1313 qui
748 1229 941 1293 Alcibiadem
962 1228 1111 1293 oderant?
1152 1229 1220 1293 Ηοο

131 1331 212 1407 enim
233 1350 351 1415 neque
379 1335 553 1418 quiequam
577 1328 735 1417 pr'aetereu,
757 1336 850 1400 verba
867 1335 1049 1419 significent.
1062 1333 1145 1399 ·Sed
1164 1334 1218 1398 de·

132 1455 191 1502 mus
213 1433 355 1524 ἐχθρός
380 1439 497 1504 referri
519 1441 561 1504 ad
582 1410 792 1516 Alcibiadem
827 1460 893 1523 quse
916 1441 964 1523 est
985 1435 1071 1505 haeo
1072 1440 1217 1504 orationis

135 1543 306 1622 montier,
338 1563 381 1610 ex
403 1546 462 1624 iis,
486 1546 542 1629 qui
563 1546 757 1611 Aloibiedem
779 1546 930 1625 odissent,
952 1566 1048 1610 unum
1071 1545 1136 1610 eius
1158 1546 1218 1609 ini·

136 1650 246 1715 micum
268 1652 402 1716 fuisse?
451 1653 609 1717 Nimirum
634 1653 817 1717 Plutarchus
838 1642 920 1716 inter
941 1671 1002 1730 eos,
1026 1652 1078 1734 qui
1099 1650 1218 1715 Alcibi-

139 1757 222 1821 adem
244 1758 410 1835 odissent,
434 1759 663 1842 Thrasybulum
674 1757 1011 1832 missedixeratsr'nv
1022 1751 1217 1841 μισούντων

138 1898 172 1908 -
194 1859 464 1950 Θρασύβουλος
484 1859 503 1931 o‘
528 1859 712 1948 Θράσωνος
728 1860 804 1945 ὧν),
835 1863 953 1939 sonia,
976 1880 1034 1945 quo
1054 1860 1218 1925 referretur

139 1966 191 2046 dr,
222 1989 292 2043 non
317 1956 577 2037 animadvertens
599 1974 729 2036 autnon
751 1988 871 2034 memor
893 1969 953 2033 diei
974 1969 1061 2033 sinac
1078 1967 1145 2031 snio
1156 1991 1215 2050 μι-

139 2068 315 2153 ωδντων,
356 2077 563 2159 praedioetum
596 2068 744 2163 (ἐχθρός)
774 2075 948 2140 addendum
981 2073 1111 2157 putarit.
1158 2073 1216 2137 His

140 2199 231 2246 mum
257 2181 417 2246 addamus
440 2182 606 2266 singularis
627 2183 732 2247 formae
754 2180 1000 2246 additamentum
1023 2180 1055 2243 in
1076 2178 1215 2262 Agesilai

139 2304 161 2350 e.
192 2290 235 2350 32
268 2289 332 2352 sub
360 2288 424 2361 fin..
451 2290 506 2354 ubi
528 2288 593 2352 haeo
612 2287 770 2371 leguntur:
815 2281 1049 2372 Ἀναχωρηοαι
1079 2285 1113 2350 δὲ
1135 2278 1217 2357 τούς

141 2395 375 2478 θιςβαιόυςέιι
398 2395 460 2478 τῆς
474 2394 674 2478 Λακωνικῆς
686 2399 718 2458 οἱ
739 2397 804 2476 μὲν
826 2390 920 2457 ἄλλοι
944 2397 1074 2478 λέγουσι
1097 2385 1217 2477 χειμω-

139 2526 204 2565 νων
238 2506 444 2588 γενομένων
479 2503 534 2565 καὶ
570 2502 635 2564 των
658 2493 836 2584 Ἀρκάδων
859 2496 1055 2584 οἷρξαηι-ἑνων
1078 2492 1215 2564 <inrisos

139 2612 188 2674 zai
217 2610 382 2690 διαρρεῖν
407 2600 574 2679 α’τοῖατως,
598 2612 629 2671 οἱ
652 2607 685 2672 δὲ
709 2620 799 2690 τρεῖς
808 2608 922 2690 μῆνας
934 2600 1216 2691 ἐμμεμενηκότας

138 2714 239 2788 olous
266 2718 326 2779 nori
350 2708 392 2778 τοὶ
407 2716 550 2778 πλεῖστα
563 2715 623 2797 τῆς
635 2705 744 2798 χώρας
758 2707 1097 2797 διωποιιορθηκότας.·
1130 2714 1216 2778 Nihil

137 2824 210 2887 vitio
246 2820 417 2886 sententis
445 2822 477 2884 et
506 2819 651 2884 orationis
679 2821 890 2897 manifestius3
925 2841 997 2886 nam
1025 2840 1123 2905 neque
1145 2833 1216 2892 τοῖς

137 2928 263 3000 ἄλλοις
287 2924 474 3007 respondere
497 2925 599 3006 potest
619 2926 773 2990 infinitum
790 2931 821 2991 οἱ
838 2927 882 3004 δι’,
905 2928 959 2991 sed
978 2930 1095 2992 eertum
1115 2930 1146 2990 et
1162 2928 1216 2990 de-

135 3038 265 3101 linitum
292 3030 422 3113 aliquid,
446 3049 465 3093 a
488 3048 546 3112 quo
567 3031 612 3094 illi
635 3033 823 3116 separentur,
847 3053 944 3116 neque
966 3033 1130 3099 ullomodo
1147 3035 1215 3095 tan-

135 3163 231 3227 quam
267 3141 303 3204 in
337 3136 488 3200 divisione
515 3138 664 3201 contraria
689 3140 762 3220 poni
788 3143 917 3222 possunt
946 3134 1120 3225 χιηιοὲνων
1143 3185 1149 3196 .
1175 3185 1213 3200 ..

133 3245 298 3318 α’τιὶκτως
329 3246 361 3308 et
387 3255 478 3325 τρεῖς
505 3242 618 3326 μῆνας
648 3294 675 3308 ..
705 3243 1044 3331 διαπεπορθηκότας,
1085 3262 1214 3324 quorum

132 3359 186 3423 illa
209 3371 347 3420 causam
372 3348 582 3426 discessionis,
616 3351 682 3414 haeo
704 3354 825 3431 tempus
848 3349 1092 3416 commorationis
1115 3351 1146 3410 et
1169 3347 1214 3409 ef-

131 3466 255 3528 lectum
279 3455 472 3541 significant,
498 3454 550 3518 sed
573 3457 725 3520 oohaerent
752 3460 783 3521 et
804 3476 896 3520 unam
918 3456 1035 3518 faciunt
1049 3471 1212 3518 summam.

133 3572 249 3652 ltaque
274 3566 326 3628 his
349 3561 494 3626 omnibus
517 3563 713 3626 continuatis:
737 3558 972 3647 Ἀναχωρηοαι
997 3561 1121 3628 oenone
1138 3557 1212 3639 Θη-

132 3678 261 3756 ,ὔιιιόνς
291 3673 325 3733 οἱ
354 3674 421 3752 μὲν
444 3663 540 3730 ἄλλοι
566 3715 572 3727 .
596 3715 602 3729 .
627 3717 634 3732 .
679 3670 827 3752 διαρρεῖν
849 3663 1013 3737 α’τοὲιιτως,
1035 3677 1124 3746 τρεῖς
1146 3667 1212 3746 μη-

134 3806 194 3852 νιις
230 3775 339 3846 ὅλους
367 3824 373 3836 .
402 3829 407 3838 .
432 3827 437 3836 .
463 3768 805 3858 διαπεπορθηκότας,
840 3773 1027 3838 contrarium
1060 3769 1210 3835 infertur:

137 3881 365 3966 Θεόπομπος
386 3882 423 3945 δι’
444 3904 550 3962 φησιν
572 3907 589 3942 κ
624 3907 653 3943 τ.
678 3884 706 3946 λ.
752 3881 858 3944 Scriba
883 3898 951 3942 oum
975 3896 1036 3942 non
1060 3878 1211 3941 attendis-

135 3996 191 4059 set
214 3993 302 4055 inter
326 4009 361 4053 se
383 3986 496 4050 referri
517 3985 668 4050 infinitum
690 3990 721 4051 et
743 3985 862 4048 finitum
885 3989 928 4061 (οἱ
951 3989 1015 4069 μὲν
1037 3980 1189 4049 ἄλλοι..
1204 4032 1210 4044 .

138 4092 359 4181 Θεόπομπος
383 4094 452 4170 dest)
490 4093 559 4171 post
580 4097 661 4177 οἱμ
665 4087 846 4174 ludiim)
868 4090 1059 4155 inferendum
1081 4092 1210 4173 putavit,
