2580 4530
529 291 589 347 Lib.
608 292 661 348 III.
1025 280 1086 354 325

66 493 168 580 tydide
190 492 338 558 relictum
360 493 463 556 esset:
495 485 643 581 μάλιστα
668 486 710 576 δή
734 493 1127 578 Λακεδαιμονίους,

67 606 95 674 ἐς
114 594 135 666 δ
157 601 369 684 ἐμέμνηντο,
393 601 430 662 ’ἐν
451 590 560 683 τούτῳ
583 599 629 684 τῷ
647 599 749 684 καιρῷ
766 591 1008 686 ἐξεπλάγησανζ
1045 597 1126 682 Nam

65 704 155 772 etiam
177 707 375 790 ἐμέμνηντο
398 704 489 788 longe
511 704 612 788 aptius
635 706 676 771 ad
697 705 829 781 ceteros,
854 705 907 788 qni
922 705 1126 773 ¹admiraban-

63 816 119 890 σοι,
130 810 238 895 'onam
260 811 308 875 ed'
321 810 402 894 ipsos
424 810 674 877 Lacedaemonios
689 809 835 875 refertur.
1098 814 1101 831 '

158 916 231 982 Ibd.
253 917 306 994 72,
327 917 364 982 2:
407 908 516 982 'Alld
554 909 704 1001 μάλιστα
738 911 780 1000 δν)
816 911 905 981 ποσοί
935 909 1052 980 πάντα
1083 915 1126 1003 τῇ

63 1023 223 1108 ἐμπειρίᾳ
246 1013 518 1107 Λακεδαιμόνιοι
543 1023 794 1097 ἐλσσοωδίνυες
823 1017 900 1088 πότε
928 1023 980 1112 τῇ
1002 1014 1125 1105 σίνδρίᾳ

63 1132 193 1207 ἔδειξαν
216 1121 278 1214 οὐχ
300 1115 408 1212 ἧσσον
431 1124 703 1214 περιγενόμενοι.
758 1118 826 1195 Hoc
852 1147 923 1194 vero
952 1147 1067 1196 novum
1096 1127 1128 1191 et

62 1237 248 1313 inauditum,
270 1234 535 1312 Lacedaemonios,
557 1236 675 1301 bellicen
697 1237 772 1308 artis
793 1237 874 1302 inter
896 1237 1020 1303 Graecos
1042 1233 1127 1316 prin-

63 1345 159 1428 cipes,
178 1350 313 1424 'semper
335 1340 469 1405 maxime
490 1341 601 1422 peritia
623 1343 698 1407 belli
723 1342 881 1408 inferiores
908 1342 1004 1407 finsse
1034 1337 1127 1422 (quod

62 1451 162 1533 ipsum
189 1448 461 1531 ἐλασσουμένους
487 1444 668 1530 imperfecto
695 1451 834 1532 tempore
862 1447 1024 1514 dicendum
1046 1445 1126 1519 erat3

63 1556 366 1626 εἰέλασσοθένιες
388 1553 425 1617 de
445 1571 618 1635 pugnarum
649 1559 762 1622 eventu
784 1555 954 1638 accipitur,
987 1544 1126 1637 όπειρία

62 1663 162 1748 potins
199 1660 366 1727 dicendum
398 1659 519 1724 videtur
550 1659 676 1741 firisse3)
711 1660 766 1727 sed
798 1654 889 1726 aliter
911 1659 1125 1742 Thucydidem

62 1768 224 1854 scripsisse
247 1766 298 1832 vel
319 1765 418 1830 solnm
440 1761 515 1850 οὐχ
543 1753 674 1851 ἧσσον
695 1762 1126 1852 contrectarent-ostendit,

62 1876 140 1960 qnod
163 1873 261 1939 aliam
281 1873 314 1938 in
334 1871 373 1936 iis
395 1889 462 1936 rem
485 1872 556 1935 ante
580 1871 739 1937 laudatam
761 1873 908 1938 declarat.
951 1869 1123 1952 Scripserat

61 1983 163 2047 autem
186 1997 250 2044 una
271 1996 344 2043 voce
365 1977 485 2041 minus:
529 1970 637 2044 Ἀλλό
661 1971 810 2060 μάλιστα
834 1974 876 2064 δή
900 1972 986 2045 ναυσί
1009 1969 1124 2041 πάντα

61 2091 100 2177 τῇ
133 2086 300 2173 ἐμπειρίᾳ
325 2077 611 2167 Λακεδαιμόνιοι,
654 2079 731 2151 τότε
764 2086 807 2175 τῇ
842 2079 962 2170 οἷνδρίρι
994 2084 1125 2174 ἔδειξαν

62 2190 119 2283 οὐχ
140 2184 255 2280 ἧσσον
276 2187 549 2277 περιγενόμενοι.
599 2191 668 2273 Non
691 2192 921 2272 animadverso,
944 2192 984 2257 ad
1004 2193 1125 2256 utrum-

61 2322 116 2387 qne
127 2301 272 2368 dativum
283 2299 436 2381 pertinere
454 2292 717 2382 περιγενόμενοι
739 2299 954 2382 („Lacedaem.‚
977 2297 1029 2381 qni
1044 2315 1125 2361 sem-

61 2430 112 2493 per
134 2411 214 2486 arte,
236 2408 304 2470 tum
326 2423 385 2468 non
407 2404 508 2468 minus
526 2403 641 2469 virtute
664 2425 697 2470 se
716 2408 861 2488 praestare
884 2403 1124 2479 ostenderunt),

58 2515 203 2579 additum
230 2516 278 2576 est
306 2509 561 2575 manifestissima
593 2510 825 2593 interpolatione
858 2511 1120 2579 ε’λσοσοιθένπεσ»

62 2616 325 2703 (Interpolationis
356 2624 372 2680 e'
394 2615 581 2698 Thucydidis
612 2617 698 2682 libris
727 2619 865 2700 exempla
886 2619 926 2683 ad
946 2618 1004 2694 ΙΙΙ,
1032 2616 1080 2692 12,
1106 2616 1125 2676 2

61 2727 197 2810 collegi.)
241 2722 348 2802 (Paulo
371 2722 440 2804 post
461 2721 510 2802 §3
532 2723 594 2786 που
615 2716 665 2805 μή
690 2721 823 2808 φθῆναι
846 2721 910 2809 τήν
933 2716 1125 2804 κατάληψιν

62 2835 103 2898 sic
125 2827 395 2913 interpretandum
418 2829 482 2891 est:
513 2847 550 2891 ne
578 2847 610 2892 se
640 2830 855 2895 circumventio
876 2828 1124 2913 praeoccuparet.)

160 2937 231 3001 Lib.
253 2935 306 3012 Vl,
332 2933 379 3007 16,
403 2933 424 2992 4
447 2932 491 3010 (in
513 2933 685 3000 Alcibiadis
708 2937 875 3009 oratione):
909 2931 980 3000 ἁλλ’
1011 2931 1123 3015 ὥσπερ

62 3041 309 3127 δυστυχοῦντες
341 3032 383 3104 οὐ
417 3035 766 3126 προσαγορευόμεθα,
796 3048 832 3106 ἐν
860 3045 905 3128 coi
933 3037 1040 3125 ὁμοίῳ
1073 3064 1124 3112 τις

61 3144 235 3235 σ’νεχίσθω
253 3149 307 3211 καὶ
325 3140 396 3212 όπό
415 3149 482 3210 τών
505 3130 770 3233 εόπρογοόνσων
785 3142 1122 3233 όπερφρονοόμενος,

61 3249 145 3338 rioci
171 3257 227 3319 ἴσοι
251 3258 363 3335 νέμων
390 3249 431 3317 τοί
463 3248 565 3337 όμοῐο
593 3247 809 3330 οἷνσαξιοόπω.
857 3255 1008 3320 Homines
1037 3251 1123 3315 Aloi-

60 3360 159 3425 biadis
185 3359 303 3424 similes
325 3358 352 3423 si
366 3359 504 3424 fortunas
528 3362 700 3433 everterint,
723 3363 854 3445 alloquio
877 3380 936 3426 non
959 3359 1019 3423 frui
1039 3358 1123 3420 cete-

61 3486 182 3543 rorum,
214 3466 246 3528 et
267 3465 397 3529 nimium
419 3466 541 3529 videtur
564 3469 652 3530 etex
674 3464 771 3533 altere
792 3470 878 3550 perte
900 3468 983 3540 leve;
1015 3481 1123 3528 conso-

60 3571 144 3636 landi
166 3571 350 3654 significatio
377 3589 475 3654 neque
503 3573 535 3635 in
559 3569 799 3660 προσαγορεύω
821 3594 919 3657 neque
941 3573 972 3636 in
995 3593 1122 3652 προση-

61 3680 145 3763 γορώ
181 3678 262 3761 apud
295 3677 435 3760 antiquos
469 3680 524 3741 est.
585 3679 753 3762 Scripsitne
779 3680 970 3764 Thucydides
1002 3701 1122 3760 προο-

62 3777 316 3868 αρκοόμεθα
343 3783 496 3860 (levemur
518 3803 572 3867 ope
595 3788 626 3849 et
647 3788 794 3865 auxilio?

160 3890 228 3955 lod.
254 3891 302 3964 21,
326 3891 359 3952 2:
393 3881 545 3954 αὐτόθεν
574 3892 608 3955 δὲ
639 3892 837 3978 παρασκευῇ
867 3884 1024 3974 α’ξιόχρεῳ
1048 3893 1122 3951 ἐπι-

63 4002 144 4073 εἰυι,
166 3988 314 4082 γνόντας
343 4018 372 4056 υ.
397 4019 425 4057 π.
450 3996 478 4057 λ.
536 3995 605 4062 Νοσ
637 4001 712 4078 puto
753 3998 822 4080 post
853 3995 1034 4078 interposita
1068 3991 1122 4054 illa

62 4099 198 4191 αἰσχρόν
222 4103 255 4168 δὲ
282 4094 452 4166 <incidero
475 4126 501 4165 κ.
526 4127 554 4166 υ.
577 4105 603 4167 λ.
625 4104 725 4184 repeti
745 4121 834 4186 posse
857 4096 1119 4182 exsuperioribus
