2580 4530
151 255 211 315 346
572 251 633 308 Lib.
651 253 703 308 111.

110 454 192 518 ribus
226 453 294 516 edd.
326 452 530 518 revocandum
561 452 792 534 βουλοίμεθα.
845 445 994 519 Ὁπόσοι
1018 447 1066 518 όν
1087 449 1166 536 βοό-

112 563 249 632 λσινται,
292 560 487 645 μαχοῦμαι,
509 558 564 623 ‘de
607 557 779 623 dondicione
816 560 871 622 aut
907 559 952 622 rei
991 559 1167 626 definitione

111 665 296 748 praecedente
328 665 455 742 dieitur3
484 659 711 748 ταμιεόσμαι,
740 656 882 736 ὁπόσοις
913 661 1089 752 βούλομαι
1119 673 1170 732 aut

110 767 154 836 ιῖν
174 770 377 854 βουλοίμην,
399 771 431 836 in
454 770 674 850 deliberando.)
949 765 955 771 ’

209 877 275 941 lbd.
309 878 337 950 6,
377 880 433 942 11:
466 879 537 944 Καὶ
571 871 636 962 γιίρ
664 871 702 941 τό
732 873 879 963 στυγνόν
911 871 989 944 τότε
1027 874 1170 962 φαιδρδν

111 978 219 1049 αιίσὺ
240 989 360 1054 ἐντοῖς
377 977 573 1066 προσώποις
595 991 725 1065 έφασαν
741 985 939 1066 φαίνεσθαι.
983 984 1054 1051 Non
1069 988 1172 1069 potest

110 1092 148 1154 ad
171 1091 273 1172 ipsum
285 1089 467 1154 Olearcbum
479 1089 586 1154 referri
601 1088 719 1171 plurale
740 1088 819 1153 illud
831 1084 1041 1174 προσώποις.
1077 1091 1170 1157 codd.

111 1197 253 1261 meliores
276 1200 311 1260 ἐν
334 1207 404 1265 τοῖς
423 1191 542 1265 ἄλλοις
562 1203 643 1277 irps
664 1198 763 1273 reete,
791 1196 914 1279 opinor:
945 1198 1030 1262 inter
1057 1202 1173 1264 eeteros

110 1305 222 1376 vultus,
245 1303 277 1365 in
300 1300 410 1383 quibus
431 1300 524 1365 timor
548 1300 723 1382 apparebat.
807 1322 809 1328 ¹

210 1406 275 1469 Lib.
298 1406 361 1483 ΙΙΙ,
397 1408 430 1476 1,
456 1407 512 1468 26:
539 1401 591 1470 ὅτι
620 1407 800 1488 φλυαροίη,
835 1402 929 1481 ὅστις
951 1411 1041 1494 λέγοι
1060 1407 1174 1482 Ιἄλλως

112 1539 182 1584 πως
207 1512 372 1596 σωτηρίας
393 1504 437 1576 όν
458 1525 572 1597 τυχεῖν
594 1506 616 1596 ἢ
637 1515 778 1597 βασιλέα
803 1510 941 1590 πείσας,
969 1519 1001 1580 εἰ
1023 1510 1173 1582 δόναιτσ.

111 1621 209 1684 Nemo
242 1602 364 1682 desua
395 1617 491 1683 solius
512 1618 612 1683 salute
641 1619 836 1702 loquebatur,
865 1622 984 1686 sedda
1012 1623 1173 1687 exereitus.

112 1728 190 1790 Ser:
213 1719 235 1808 ἢ
257 1725 398 1806 βασιλέα
422 1736 561 1789 πεῖσαι
585 1729 615 1789 εί
638 1710 847 1792 δύναιντο.

210 1831 276 1895 lbd.
297 1831 328 1907 2,
350 1830 391 1893 34
409 1830 592 1913 simpliciter
612 1832 786 1915 recipienda
807 1837 874 1898 erat
889 1833 1043 1916 scriptura
1063 1833 1175 1899 eodieis

60 1971 66 1981 ,
112 1939 264 2022 Cprimae
291 1955 409 2010 manus,
448 1956 464 2000 e
502 1957 561 2020 qua
588 1939 797 2021 interpolando
834 1939 943 2003 cetera
980 1941 1061 2004 natae
1087 1944 1175 2005 sunt:

112 2040 293 2117 αἰιοόσατε,
316 2032 362 2109 δν
384 2044 566 2127 προσδοκεῖ
587 2067 665 2128 pot:
698 2044 813 2121 audite,
840 2063 907 2128 quae
929 2048 1078 2126 praeterea
1099 2046 1177 2110 mihi

112 2151 255 2216 videntur
296 2150 452 2233 (placent).
498 2149 652 2214 Attraetio
685 2151 733 2225 est
768 2151 948 2216 nominativi
984 2151 1176 2234 pronominis
1208 2235 1210 2239 Ι

112 2257 233 2322 relativi
269 2256 370 2321 neutri
402 2256 533 2340 generis,
567 2274 659 2338 quam
690 2255 845 2320 interdum
878 2257 971 2341 (quod
1003 2258 1035 2322 in
1068 2261 1177 2322 neutro

112 2383 227 2447 genere
243 2363 448 2429 nominativus
471 2364 503 2426 et
524 2361 715 2426 aecusativus
746 2361 829 2426 idem
857 2365 920 2439 est)
953 2362 1093 2427 aeeidere
1115 2362 1178 2427 dixi

113 2472 191 2553 synt.
215 2470 268 2536 Gr.
291 2470 307 2552 ᾖ
332 2468 391 2529 103
413 2487 442 2532 n.
468 2469 497 2529 2.
522 2467 614 2543 (Add.
636 2468 715 2531 Plat.
740 2468 777 2531 de
798 2487 861 2550 rep.
886 2469 914 2531 V
924 2489 954 2551 p.
977 2470 1039 2532 465
1061 2469 1106 2532 D:
1130 2458 1176 2533 οἷν

113 2571 247 2648 τούτοις
269 2570 424 2660 όπιίρχει,
446 2573 604 2638 Demosth.
627 2571 741 2649 XXIV,
763 2573 821 2637 82:
848 2573 915 2639 τών
936 2568 1056 2640 ὁσίων.
1088 2567 1176 2638 όπό-

114 2709 180 2765 σαν
202 2673 465 2761 διπλασιάζεται.
500 2678 592 2760 Apud
617 2678 697 2744 Plat.
722 2678 758 2744 de
780 2681 861 2764 legg.
883 2680 899 2743 Ι
919 2699 949 2762 p.
965 2679 1027 2740 644
1048 2681 1078 2742 A
1100 2681 1177 2744 scri·

113 2790 247 2854 bendum
260 2809 275 2853 e
288 2789 458 2854 codicibus:
474 2793 505 2861 ἐξ
528 2773 574 2849 uio
588 2786 671 2868 ,ἐμοὶ
685 2793 840 2869 φαίνεται
862 2805 930 2868 pro:
954 2779 997 2856 oio
1019 2786 1107 2866 ἐμοὶ.
1140 2785 1177 2848 In

113 2896 261 2978 singulari
282 2914 408 2960 numero
429 2894 513 2958 idem
535 2891 646 2957 accidit
666 2892 748 2975 apud
757 2892 917 2956 Platonem
925 2891 1069 2955 Phaedon.
1091 2909 1121 2972 p.
1136 2891 1175 2951 69

113 3004 156 3064 A:
186 2993 308 3084 ὅμοιόν
331 3005 401 3067 ἐστι
429 2989 540 3085 pierio
564 2994 607 3083 δή
635 3000 781 3085 ἐλέγετο,
810 2998 890 3082 apud
917 2995 1030 3062 Herod.
1060 2997 1097 3070 V,
1125 2997 1175 3072 92,

116 3110 162 3168 lb.
200 3108 235 3171 ln
257 3106 393 3173 Platonis
416 3107 538 3191 Proteg.
548 3124 579 3188 p.
592 3105 690 3171 3190
710 3106 924 3172 attractionem
945 3102 1062 3188 patitur
1084 3121 1174 3167 aeon-

114 3215 230 3279 sativus
262 3215 316 3279 ille
350 3211 491 3297 quidem,
523 3212 580 3278 sed
608 3231 662 3295 pro
690 3212 827 3278 subiecto
855 3213 988 3296 positus:
1023 3212 1100 3291 περὶ
1129 3197 1175 3272 δν

115 3328 243 3387 σι’ὀνται
262 3328 299 3386 ἐν
320 3317 529 3408 τέχνῃσῖναι,
549 3317 608 3385 hoo
628 3320 691 3384 est:
714 3320 791 3401 περὶ
814 3312 957 3391 τούτων,
979 3311 1003 3380 α’
1024 3316 1065 3381 οἴ.
1090 3322 1126 3380 ἐν
1144 3343 1173 3380 τ.

115 3430 223 3502 εἶναι,
264 3445 355 3510 quem
387 3427 489 3491 losum
528 3426 612 3491 reste
647 3424 845 3491 Krosabelius
887 3423 1050 3498 enarravit,
1086 3441 1174 3487 seeus

115 3535 285 3615 Sauppius.)

213 3639 280 3703 lbd.
303 3641 332 3709 4,
358 3637 412 3701 16:
447 3639 501 3702 καὶ
525 3629 635 3702 οὐκέτι
659 3635 811 3700 ἐσίνοντο
838 3639 869 3696 οἱ
892 3628 1078 3718 βάρβαροι·
1101 3660 1174 3717 μα-

115 3739 276 3826 κρότερον
298 3742 363 3829 γιίρ
386 3751 423 3810 οἵ
441 3734 618 3810 τεῬόδιοι
632 3742 689 3819 (sic
711 3737 846 3814 codicem
869 3738 1009 3803 eddom.
1037 3746 1087 3816 τε)
1108 3741 1175 3803 τῶν

120 3851 258 3933 Περσῶν
280 3843 490 3933 ἐσφενδόνων
513 3850 566 3913 καὶ
590 3851 656 3912 τιόν
679 3845 847 3910 πλείστων
863 3848 1018 3920 τοξοτῶν.
1056 3847 1175 3910 Vitium

115 3957 240 4020 subesse
275 3959 386 4037 praeter
426 3961 461 4022 τε·
495 3953 632 4020 ostendit
660 3970 723 4027 res;
756 3967 827 4015 nam
863 3950 976 4017 Rhodii
1005 3952 1176 4018 funditores

114 4065 197 4126 reete
220 4079 276 4125 sua
297 4066 363 4127 arte
385 4063 496 4126 Persas
518 4058 708 4124 adversarios
722 4073 883 4138 superasse
899 4056 1052 4135 dieantur,
1073 4057 1177 4139 inepte
