2580 4530
533 248 594 313 Lib.
614 249 668 306 ΙΙΙ.
1031 251 1093 315 455

173 443 242 510 Ihd
284 444 344 507 154
391 443 604 509 scribendum:
654 439 720 510 κείν
762 441 949 533 παρελθών
986 443 1135 537 ἐθελήσῃ

69 542 267 638 σχετλιάσαι
301 550 355 615 καί
390 550 510 637 λέγειν,
543 542 587 622 τίς
608 553 658 623 εἰς
689 551 820 619 οἰκείαν
841 547 948 627 αὑτοῦ
977 567 1134 641 γυναῖκα,

70 649 290 744 αἰχμάλωτον
331 655 576 741 γεγενημένην,
621 651 862 745 πεπαρῴνηκα.
923 661 1023 745 Vulgo
1064 663 1136 745 post

70 777 220 853 γυναῖκα
242 761 367 829 additur
380 760 454 838 καί,
478 760 579 826 orium
602 781 637 828 ex
659 788 711 829 κα.

172 870 241 936 Ibd.
273 869 336 944 111,
376 867 453 930 201:
488 858 529 932 οὐ
560 862 625 955 γάρ
655 869 724 935 τῶν
756 861 1053 956 φενγόνταντοίς
1092 868 1135 940 σά

67 976 204 1050 δικαίας
239 969 432 1060 α’πολογίας
469 969 714 1058 εἰσεληλύθατε
750 967 1008 1062 α’κροασόμενοι,
1045 973 1131 1046 α’λλοί

70 1085 140 1150 τείν
166 1076 360 1149 ἐθελόντων
375 1082 530 1155 ..δικαίως
555 1075 816 1170 ἀπολογεῖσθαι.
869 1083 1035 1151 Manifesta
1061 1106 1134 1153 cou-

69 1190 159 1256 trarii
178 1189 334 1272 ponuntur
361 1193 393 1252 oi
426 1190 516 1253 roei.
550 1189 686 1263 δικαίως
717 1184 965 1277 α’πολσγεῖσδαι
992 1191 1134 1261 etalteri

68 1296 126 1362 ilu
171 1296 279 1378 Itaque
300 1295 414 1360 omissa
434 1296 596 1378 negatione
618 1296 829 1362 scribendum:
850 1298 918 1363 uuio
939 1291 1134 1385 φευγόντων

69 1395 133 1475 τάς
153 1400 286 1471 δικαίας
307 1391 496 1487 α’πολσγίας
516 1402 584 1478 (hoe
616 1402 753 1467 astucia
782 1399 833 1488 μη
856 1398 1048 1471 ἐθελόντων
1070 1405 1133 1473 δικ.

67 1500 347 1594 άπολογιῑσθαι).
398 1505 457 1586 Qui
494 1507 627 1572 alterum
658 1508 825 1574 effecerunt
851 1513 883 1576 et
909 1511 1055 1597 tulerunt,
1087 1513 1134 1578 vi·

70 1614 182 1679 dentur
204 1608 266 1686 τάς
288 1605 330 1678 ori
360 1613 491 1686 δικαίας
518 1614 586 1679 τών
620 1606 815 1701 φευγόντων
844 1609 1032 1704 άπολογίας
1064 1619 1133 1696 (hoc

69 1719 187 1797 ordine)
226 1718 414 1785 intellexisse
446 1739 593 1785 reorum
631 1714 833 1808 α’πολογιάς,
876 1722 956 1806 qnod
995 1724 1132 1806 pluribus
1233 1702 1252 1721 ⁴

70 1824 169 1890 modis
190 1843 319 1908 pravum
341 1827 397 1891 est.

168 1930 237 1995 Ibd.
281 1932 358 1998 252:
405 1926 563 2018 Ἐγίνετό
599 1957 650 2005 τις
689 1928 855 2018 (ἄχθομαι
889 1931 923 1997 δὲ
968 1927 1132 2005 πολλάκις

68 2038 291 2121 μεμνημένος
306 2031 369 2110 τάς
391 2031 530 2125 α’τοχίας
541 2038 603 2123 τῆς
617 2031 759 2116 πόλεως)
771 2030 912 2105 ἐνταῦθ’
933 2033 1020 2125 doeio
1042 2032 1132 2106 ἰδιά-

69 2167 141 2227 της,
163 2137 203 2214 ὂς
225 2145 363 2209 ἐκπλεῖν
374 2149 434 2218 «εἰς
448 2137 567 2225 Σάμον
588 2170 617 2211 κ.
630 2170 660 2208 τ.
677 2146 706 2210 λ.
743 2145 816 2225 Quae
830 2145 914 2227 urbis
928 2143 1132 2211 calamitasin

70 2268 103 2314 eo
127 2249 288 2332 estquod
319 2249 407 2316 homo
441 2251 551 2335 ahquis
583 2251 721 2335 privatus
754 2249 880 2329 Samum
908 2251 1051 2336 navigare
1080 2270 1132 2318 co·

70 2356 159 2420 natus
184 2359 255 2421 est?
309 2355 508 2422 Scribendum
530 2359 578 2422 est
601 2377 617 2423 c
642 2360 785 2442 quattuor
806 2357 938 2436 Behheri
969 2357 1132 2433 codicibus,

69 2460 208 2526 adhibita
241 2465 325 2526 recta
356 2463 614 2545 interpunctione:
636 2455 794 2552 Ἐγίνετό
821 2489 873 2536 τις
894 2459 1063 2550 (ἄχθομαι
1096 2465 1132 2532 δὲ

72 2559 235 2637 πολλάκις
255 2572 487 2654 μεμνημένος)
516 2563 636 2656 οἷτιιχία
669 2570 711 2659 τη
744 2562 858 2634 πόλει·
882 2565 1022 2637 ἐνταῦθ’
1043 2565 1131 2656 α’νηρ
1224 2596 1226 2601 “

72 2664 207 2757 ίδιοίτης
229 2676 367 2739 ἐκπλεῖν
384 2700 414 2739 κ.
433 2701 460 2739 τ.
472 2677 503 2741 λ.
548 2676 598 2742 Sic
617 2677 738 2743 tollitur
756 2674 922 2761 inusitatus
943 2677 976 2740 in
997 2695 1132 2744 commo·

72 2779 211 2845 morandi
232 2782 264 2845 et
281 2781 314 2845 in
325 2782 508 2846 memoriam
525 2784 685 2848 revocandi
701 2781 921 2864 significatione
941 2783 1132 2862 accusativus

72 2885 150 2968 apud
170 2886 364 2970 μέμνημαι.
1065 2964 1067 2969 Ι

168 2991 262 3074 Apud
293 2990 490 3057 Dinarchum
512 2991 538 3069 Ι,
563 2993 603 3055 25
636 2993 681 3057 sie
713 2991 868 3056 scribitur:
901 2985 939 3055 τά
969 2985 1132 3065 πολλάκις

73 3092 332 3184 α’νεγνωσμίνον
369 3090 450 3180 παρ’
481 3089 566 3179 ὑμῖν
605 3094 815 3181 ἐψηφίσαντο
853 3097 1029 3182 (Θηβαῖοι)
1065 3090 1132 3183 ψη-

73 3229 194 3289 φισμα,
227 3197 278 3288 μή
306 3202 482 3286 περιορᾶν,
516 3196 576 3267 ε’άν
601 3227 653 3275 τις
674 3197 765 3268 ὅπλα
787 3195 842 3268 διαί
864 3202 926 3286 της
946 3195 1053 3288 χώρας
1070 3205 1132 3289 τη”ς

73 3303 277 3394 Ἀθηναίων
310 3314 394 3394 ἔχων
422 3303 622 3393 πορεύηται.
673 3307 754 3388 Quid
781 3309 868 3390 pravi
898 3309 954 3386 sit,
990 3309 1043 3373 ah‘i
1068 3310 1132 3375 iam

73 3414 364 3481 animadverterunt.
406 3413 515 3498 Neque
537 3415 620 3479 enim
647 3414 786 3481 Thebani
817 3413 1038 3499 prohibendum
1059 3433 1132 3479 cen-

71 3522 209 3596 suerant,
239 3520 367 3603 nequis
395 3538 450 3603 per
476 3520 712 3587 Atheniensium
742 3523 857 3586 terram
889 3523 1026 3586 armatus
1060 3521 1132 3598 iret,

71 3626 134 3703 scd
156 3627 193 3690 ut
204 3643 221 3690 e
232 3625 391 3690 Plutarchi
408 3627 512 3708 Pelop.
525 3646 552 3691 c.
566 3627 584 3688 6
597 3628 628 3691 et
638 3626 772 3710 Lysand.
783 3645 810 3691 c.
824 3626 863 3687 27
885 3627 1014 3703 muniat,
1035 3627 1132 3691 hace·

73 3730 294 3799 demoniorum
329 3733 458 3815 superbo
487 3731 586 3796 edicto
619 3733 740 3797 obviam
759 3720 880 3806 euntes,
907 3730 933 3796 si
962 3750 1133 3815 perseam

73 3838 317 3916 (Thebanorum)
341 3839 457 3903 terram
473 3836 668 3903 Atheniensis
689 3841 825 3904 armatus
845 3839 905 3903 iret
925 3837 978 3919 (ad
999 3831 1131 3922 patriam

71 3943 284 4022 liberandam),
307 3942 341 4008 id
360 3943 503 4025 impediri
528 3944 692 4008 vetuerant
723 3946 755 4009 et
783 3962 919 4028 pronon
941 3942 1132 4029 visohaberi

71 4049 232 4115 iusserant.
285 4049 330 4114 Ea
356 4048 510 4115 sententia
543 4049 623 4133 apud
647 4049 833 4114 Dinarchum
861 4067 898 4115 ea
928 4049 996 4131 ipsa
1024 4048 1124 4114 forne
