2580 4530
210 277 251 340 86
646 277 706 333 Lib.
725 279 748 332 1.

168 481 304 562 οηκὲναι
331 471 393 549 ede
422 471 557 561 ὁράσεις
583 473 662 544 ὑπό-
677 472 840 561 donodono,
863 478 919 543 sed
939 479 1001 543 iam
1024 477 1105 560 apud
1126 477 1232 542 Xeno·

168 585 315 667 phontern
337 580 538 669 α’·ωοοοόηωα
562 579 862 662 undevicensimo,
888 584 996 649 eadem
1017 583 1147 661 ratione,
1172 601 1233 665 qua

91 736 96 745 -
169 691 204 755 iri
228 690 351 772 passiva
377 691 463 756 verbi
488 690 586 756 forma
609 695 811 776 ἐκκέκομμοι
835 685 897 759 νον
918 683 1108 775 ὀφθαλμόν
1131 689 1163 752 et
1183 689 1232 753 in-

169 796 258 861 finita
285 797 376 881 alia),
412 796 451 861 od
472 798 683 862 accusativum
710 797 930 880 expediendum
961 796 1081 862 addidit
1102 788 1175 872 ded,
1197 798 1233 860 ut

170 901 202 964 in
225 901 342 985 Pyrrho
364 899 453 994 μονα
476 903 516 968 ad
540 904 729 986 genetivum.
777 890 931 968 Alcibiad.
953 921 979 966 c.
1008 901 1045 964 18
1067 885 1233 984 postquam

171 1007 296 1073 Hermae
322 1009 457 1079 truncati
487 1011 717 1075 commemorati
745 1013 817 1075 sunt
844 1011 876 1073 et
901 1008 985 1072 fama
1006 1008 1045 1071 de
1067 1006 1232 1072 donnthiin

172 1108 221 1177 rei'
238 1115 424 1190 auctoribus,
446 1115 490 1179 sio
511 1115 544 1178 in
566 1115 718 1181 codicibus
731 1116 891 1199 pergitur:
932 1106 987 1179 Οὐ
1007 1107 1080 1197 μήν
1103 1107 1232 1197 ἥπτετό

172 1243 210 1305 γε
233 1223 300 1284 τῶν
322 1222 460 1286 πολλῶν
485 1215 566 1297 οὔθ’
592 1212 692 1294 οὗτος
713 1214 730 1286 ὁ
755 1215 854 1306 λόγος
869 1213 950 1284 οὗθ’
970 1212 989 1283 o‘
1001 1220 1234 1304 νωνοημείων

95 1362 97 1367 <
173 1323 286 1392 ‹laevor›
318 1325 404 1392 εἶναι’
433 1328 545 1411 μηδὲν
580 1330 764 1410 οἰομένων,
799 1321 872 1391 ἄλλ’
905 1322 958 1390 οἷα
996 1328 1086 1408 φιλοῖ
1118 1330 1233 1411 φέρειν

172 1429 318 1515 ἄκρατος
355 1427 551 1498 α’ἷκολωοαων
579 1439 663 1498 νέων
692 1438 740 1506 εἰς
773 1430 874 1519 ὕβριν
905 1439 939 1496 ἐκ
973 1433 1112 1507 nardaus
1145 1427 1234 1498 dno·

173 1542 376 1623 ωορομένων
431 1538 595 1618 Quoniam,
623 1543 728 1622 aperte
767 1533 972 1605 cohaerentd
1008 1539 1075 1603 vnio
1116 1542 1234 1622 οἰομέ-

175 1669 246 1710 νων
274 1661 372 1727 ueque
399 1645 557 1727 genetivus
580 1645 743 1727 partitivus
765 1646 862 1709 ullum
885 1646 980 1709 habet
1001 1645 1113 1731 locum,
1138 1645 1234 1710 corri-

172 1753 254 1834 gunt
277 1751 475 1833 scribuntqne
503 1765 661 1833 σαμεῑον,
685 1770 779 1835 prava
801 1752 972 1828 sententia3
1011 1770 1083 1815 nam
1105 1751 1150 1815 sic
1171 1770 1234 1816 non

173 1859 303 1940 negatur
325 1857 500 1939 portentum
521 1857 599 1922 illud
621 1877 688 1922 csse
710 1859 794 1937 (οων
815 1851 864 1941 μή
889 1869 1031 1940 σημεῖον
1054 1856 1141 1920 εἶναι
1164 1861 1234 1921 οἰο-

172 1964 318 2047 μένων),
356 1963 410 2028 sed
436 1964 620 2046 portentum
647 1965 766 2029 nullum
805 1963 968 2047 (unquam)
996 1982 1067 2035 esse,
1095 1963 1235 2028 terribile

174 2070 330 2148 statuitur,
353 2069 433 2152 quod
455 2069 603 2133 iudicium
624 2069 662 2132 ad
686 2070 763 2133 hanc
786 2088 851 2133 rem
873 2068 951 2132 nihil
971 2068 1114 2150 pertinet.
1162 2070 1235 2134 Tol·

173 2176 266 2239 lenda
289 2178 337 2240 est
358 2174 538 2256 simpliciter
559 2194 616 2239 vox
636 2175 742 2240 addita
764 2176 802 2239 ab
824 2175 934 2257 aliquo,
954 2175 1085 2257 quioum
1101 2194 1119 2238 a
1133 2178 1235 2240 struc-

173 2281 243 2344 tura
267 2280 426 2344 verborum
448 2280 629 2356 aberrasset,
652 2280 815 2345 articulum
837 2281 1031 2367 substantivo?
1050 2298 1152 2344 curere
1179 2299 1235 2344 no-

172 2386 250 2461 luit;
289 2385 479 2468 significatur
507 2386 602 2449 oratio
630 2385 790 2450 hominum
820 2387 922 2451 animo
945 2384 1140 2462 sedatorem
1162 2404 1235 2450 con-

175 2491 389 2566 temnentium,
412 2491 464 2572 qui
484 2490 614 2572 periculi
634 2489 712 2554 nihil
732 2492 858 2557 subesse
872 2485 1000 2575 (decedo
1013 2491 1098 2556 εἶναι
1111 2491 1235 2576 μηδέν)

176 2597 337 2677 putabant,
363 2596 416 2661 scd
438 2596 598 2661 lasciviam
621 2615 636 2660 e
655 2596 726 2661 vino
748 2587 882 2662 natam(
910 2598 1050 2664 Graviter
1071 2599 1236 2680 perturba-

175 2703 226 2771 tus
249 2703 297 2765 est
314 2700 428 2766 ‘stolido
450 2702 659 2767 additamento
681 2702 817 2767 eiusdem
839 2704 909 2767 vitae
932 2704 1009 2768 alius
1022 2703 1109 2776 locus
1122 2703 1153 2766 in
1168 2721 1233 2783 cap.

175 2808 225 2884 35,
247 2807 299 2870 nbi
316 2806 470 2872 Alcibiadi
491 2827 547 2872 sua
567 2808 627 2902 ipsi
647 2809 743 2889 gloria
754 2810 895 2874 nocuisse
912 2809 1032 2886 dicitur,
1056 2808 1235 2891 quodcum

176 2913 277 2979 numia
299 2912 418 2977 efficere
434 2933 524 2996 posse
546 2914 728 2991 crederetur,
751 2915 779 2980 si
801 2934 861 2998 qua
881 2916 912 2979 in
936 2934 968 2979 re
990 2915 1092 2979 minus
1115 2915 1144 2979 ei
1166 2934 1235 2978 suc·

176 3019 329 3095 cessisset,
349 3037 453 3083 curam
476 3019 607 3084 debuisse
630 3021 770 3095 homines
791 3022 945 3104 putarent,
968 2997 1078 3103 qnippe
1100 3022 1152 3103 qui
1173 3039 1233 3086 uon

174 3125 390 3208 potuisseeum
401 3126 574 3206 perpetrare
591 3145 650 3189 non
665 3127 844 3190 inanimum
856 3127 1049 3191 inducerent:
1062 3121 1179 3191 ’'Eoeac
1194 3119 1234 3201 δ’,

176 3236 209 3298 εἴ
228 3259 278 3304 τις
300 3228 412 3303 ἄλλος,
436 3223 504 3294 dno'
527 3230 587 3313 τῆς
609 3226 717 3296 αὑτοῦ
739 3225 837 3316 δόξης
860 3234 1109 3316 καταλυθῆναι.
1162 3237 1236 3298 Με-

175 3336 263 3426 γάλη
289 3333 353 3423 γάρ
391 3326 475 3401 odon
508 3339 561 3402 nul
584 3330 714 3422 τόλμης
742 3340 795 3402 καλ
820 3340 983 3411 συνέσεως
1004 3343 1153 3425 νέμουσα
1178 3333 1236 3422 αφ’

176 3435 222 3513 οἷν
249 3437 491 3526 κατώρθωσεν,
518 3439 679 3508 ὕποπτον
715 3437 822 3517 αὐτοῦ
858 3439 895 3509 τό
934 3448 1091 3511 ἐλλεῖπον
1120 3441 1166 3518 οἷς
1193 3441 1237 3512 οὐ

176 3545 450 3623 οωονολοίοαντος,
473 3543 613 3630 dononio
652 3550 712 3614 νον
751 3547 800 3634 μή
839 3553 1054 3637 δυνηθῆναι,
1086 3567 1235 3639 παρεῖχε·

176 3651 417 3726 σπουδάσαντα
453 3653 527 3741 γαρ.
554 3647 653 3719 οὐδὲν
693 3650 736 3719 ἄν
775 3658 963 3742 διαφωνεῖν.
1013 3659 1156 3724 Ridicula
1189 3665 1237 3726 est

175 3763 272 3847 gloria
302 3765 393 3846 plena
425 3761 559 3831 audacia
592 3762 624 3825 et
644 3760 812 3843 prudentiae
845 3768 1007 3848 (γέμουσα
1045 3767 1236 3848 οοωόεως);

176 3869 228 3933 sod
252 3888 289 3933 ea
308 3872 383 3933 nata
406 3872 465 3945 est,
487 3867 575 3950 quod,
598 3885 668 3930 cum
690 3867 733 3930 sic
749 3869 929 3950 simpliciter
944 3870 1126 3935 Plutarchus
1138 3871 1237 3954 scrip-

175 3975 281 4041 sisset:
304 3969 439 4057 μεγάλη
461 3972 526 4061 γάρ
550 3964 634 4039 οὖσα
654 3976 712 4037 καὶ
735 3969 866 4058 colpum
889 3978 946 4041 καλ
967 3981 1130 4047 οννέοοως
1153 3978 1236 4058 (cum

176 4081 346 4164 magnast
366 4081 503 4145 audaciae
525 4082 557 4146 et
577 4080 746 4162 prudentiae
770 4084 861 4157 esset,
883 4100 952 4146 cum
974 4099 1088 4165 magna
1108 4083 1239 4149 inAlci·
