2580 4530
643 281 701 338 nib.
724 284 748 338 1.
1131 285 1168 345 11

105 480 225 564 lingunt
248 500 293 546 ac
321 497 426 562 paene
450 477 684 556 fraudulentos;
709 498 768 561 qua
790 479 967 545 condicione
989 480 1216 563 opnsfecerint,

106 606 168 669 qnae
196 604 255 651 eos
293 585 441 650 errandi
473 585 686 667 opportunitas
713 585 950 668 necessitasque,
972 605 1039 668 quae
1060 587 1149 669 quasi
1168 589 1216 651 in·

111 692 191 756 sidiae
230 692 539 769 circumsteterint,
564 711 625 756 nou
652 691 696 754 ite
716 691 809 754 multi
830 692 949 772 placido
972 693 1216 758 etconsiderete

112 798 266 874 indimnt;
293 798 393 881 quod
417 798 448 862 si
471 797 620 875 facerent,
635 800 812 880 separarent
830 797 963 880 primum
984 797 1147 863 iudicando
1167 798 1216 881 ip·

116 925 176 969 11111
205 905 397 970 hominum
432 905 577 968 animum
602 904 819 987 ingeniumque
842 906 873 970 et
893 923 991 987 operae
1013 905 1052 968 ad
1076 904 1216 971 nostrum

118 1031 200 1076 nsum
223 1013 411 1076 eventum.
438 1009 478 1074 Id
500 1009 625 1093 quidem
647 1011 811 1075 tenendum
833 1013 905 1076 ante
928 1009 1031 1074 omnia
1052 1013 1109 1086 est,
1132 1011 1215 1074 frau-

122 1115 175 1191 dis,
210 1137 289 1200 quae
328 1116 377 1180 ad
403 1114 603 1196 decipiendos
631 1114 798 1180 deliberato
821 1111 950 1182 consilio
971 1117 1109 1200 legentes
1131 1117 1162 1180 et
1183 1117 1214 1181 in

123 1223 226 1288 hlsam
257 1221 463 1305 opinionem
493 1220 531 1285 de
554 1222 619 1285 nlla
640 1221 769 1285 minime
788 1241 822 1286 re
843 1222 1030 1289 inducendos
1052 1224 1214 1304 spectaret,

125 1347 213 1411 neque
256 1328 443 1393 illecebras
475 1326 557 1391 ullas
584 1345 620 1391 ac
648 1345 685 1390 ne
712 1328 900 1392 tenuissimae
930 1328 1054 1412 quidem
1081 1327 1215 1409 gloriolae

128 1435 288 1513 premium
312 1433 423 1497 fnisse
446 1451 547 1514 neque
569 1432 602 1496 in
623 1432 688 1510 his,
728 1453 804 1517 quos
838 1434 982 1516 profanos
1014 1433 1214 1517 appellamus,

130 1541 336 1621 scriptoribus
359 1538 467 1602 ullum
488 1537 657 1622 vestigium
673 1539 839 1620 prudenter
854 1540 1002 1605 iudicanti
1021 1540 1215 1622 apparero¹).

131 1643 233 1710 Omnis
265 1646 369 1728 culpa
404 1645 509 1726 posita
533 1647 582 1710 est
604 1643 709 1709 autin
730 1646 797 1728 ipso
819 1647 973 1713 scribendi
995 1664 1110 1723 errore,
1144 1665 1213 1710 oum

134 1751 349 1834 inprudentes
383 1753 417 1815 et
445 1750 540 1814 inviti
572 1750 671 1828 aliud,
707 1755 798 1835 atque
827 1752 860 1815 in
898 1751 1037 1833 exemplo
1059 1752 1212 1834 proposito

135 1862 209 1934 erat,
232 1856 466 1933 reddiderunt,
486 1858 541 1921 aut
562 1855 595 1920 in
616 1858 817 1935 correctione,
851 1875 921 1921 oum
942 1849 1077 1923 'scientes
1103 1861 1135 1922 et
1156 1876 1208 1921 vo-

136 1961 241 2040 lentes,
265 1962 325 2028 sed
352 1963 422 2027 sine
444 1963 528 2027 malo
552 1962 688 2041 oonsilio,
711 1982 765 2045 pro
783 1981 829 2039 eo,
852 1964 933 2046 quod
943 1964 976 2026 in
992 1963 1128 2045 exemplo
1140 1965 1214 2039 erat,

137 2068 215 2132 eliud
245 2069 500 2147 substituerunt,
523 2087 586 2133 non
607 2088 714 2133 verum
736 2069 872 2145 scilicet3
909 2089 982 2133 nam
1005 2067 1032 2134 si
1053 2068 1086 2131 in
1107 2086 1214 2131 verum

139 2174 334 2251 inciderunt,
362 2176 572 2240 coniecturam
594 2175 764 2239 laudamus.
809 2174 940 2241 Omnino
962 2174 1095 2241 enimin
1117 2172 1216 2237 homi-

140 2281 225 2344 nihus
258 2280 435 2345 humilibus
464 2282 496 2345 et
518 2280 708 2362 simplicibus
729 2280 922 2358 iudicandis,
960 2281 1055 2346 etiam
1076 2279 1132 2358 iis,
1164 2281 1215 2362 qui

141 2386 336 2449 confidenter
360 2389 391 2450 et
412 2387 541 2452 licenter
561 2387 794 2468 interpolarunt,
817 2386 1040 2451 obliviscuntur
1061 2386 1214 2469 philologi,

142 2493 205 2557 illos
227 2493 356 2557 codices
376 2493 588 2573 descripsisse,
610 2494 718 2574 quibus
733 2493 792 2574 ipsi
804 2495 836 2556 et
853 2492 906 2556 alii
919 2491 1055 2556 eiusdem
1067 2484 1214 2574 temporis

143 2612 169 2662 rt
183 2599 250 2662 fere
267 2598 408 2662 scientiae
424 2598 563 2663 homines
575 2600 606 2663 in
618 2599 746 2682 legendo
761 2599 930 2674 uterentur,
942 2598 1028 2662 nobis
1041 2599 1160 2662 codices
1167 2603 1214 2663 te-

142 2706 232 2768 stium
258 2705 330 2769 loco
353 2721 431 2780 esse,
454 2704 565 2786 quibus
588 2706 712 2768 utamur
728 2705 763 2769 in
787 2706 944 2769 contextus
965 2705 1149 2785 scriptorum
1176 2704 1215 2768 ad

141 2820 280 2874 nosunm
310 2829 403 2873 usum
434 2809 661 2886 oonst'tuendo;
693 2811 798 2892 itaque
815 2810 879 2872 fere
904 2828 965 2872 una
986 2810 1041 2873 illa
1068 2810 1215 2893 relinqui-

141 2932 186 2979 urr
208 2919 298 2980 insta
327 2916 543 2997 reprehensio,
577 2915 676 2998 siqui
696 2915 839 2980 mercede
860 2914 978 2979 inducti
1003 2916 1214 2992 difficiliorem,

140 3043 230 3104 «qnam
256 3022 310 3084 cui
335 3040 368 3084 se
397 3021 485 3102 aptos
514 3021 644 3098 scirent,
666 3041 792 3104 operam
819 3020 936 3102 imponi
957 3021 1015 3085 sibi
1036 3023 1120 3104 passi
1142 3024 1213 3087 sunt

140 3142 189 3191 sut
211 3129 407 3192 festinanter
428 3127 688 3210 neglegenterque
713 3128 910 3210 scripserunt.
955 3127 1015 3192 Sed
1035 3127 1120 3191 illius
1144 3144 1213 3187 mu-

140 3235 269 3299 tationis
300 3252 363 3296 non
392 3233 423 3296 in
451 3234 517 3314 ipso
548 3233 701 3297 scribendi
730 3252 831 3298 errore
862 3233 997 3315 positae,·
1023 3251 1115 3313 quam
1147 3247 1213 3291 orn-

140 3362 207 3404 nem
249 3338 505 3421 interpolationis
543 3339 665 3402 nomine
703 3339 962 3421 comprehendere
1000 3337 1088 3409 licet,
1122 3332 1213 3396 multi

139 3458 206 3512 sunt
235 3446 376 3531 gradus,
407 3446 467 3509 duo
496 3446 657 3526 praeeipui,
691 3447 726 3509 ut
751 3446 849 3510 altera
880 3444 923 3509 sit
951 3441 1081 3521 simplex
1108 3440 1139 3501 et
1160 3456 1212 3499 ru-

152 3838 168 3887 ¹.
204 3836 250 3890 Ne
270 3835 300 3889 id
314 3833 428 3903 quidem
440 3848 533 3885 verum
548 3835 597 3894 est,
617 3831 688 3901 quod
698 3832 762 3886 olim
772 3831 893 3884 homines
906 3825 1016 3894 quidam
1025 3825 1106 3879 nimis
1116 3824 1211 3893 nequi-

199 3933 306 3985 tiarum
329 3925 426 3995 cupidi
446 3925 595 3987 finxerunt,
615 3926 756 3978 monachos
775 3924 895 3976 obscaena
913 3920 941 3971 in
962 3920 1081 3971 veterum
1106 3917 1212 3986 scriptis

202 4020 390 4078 describendo
423 4017 574 4072 occultasse
598 4020 634 4080 ‚et
665 4019 753 4070 minus
789 4013 914 4081 turpibus
949 4011 1037 4065 verbis
1059 4011 1211 4065 involvisse.

196 4120 306 4189 Spurca
322 4114 419 4169 omnic
439 4111 511 4165 bonu
530 4108 590 4174 fide,
608 4112 739 4178 quantum
757 4109 891 4178 poterant,
909 4107 1141 4176 representarunt.
