2580 4530
527 272 579 329 Lib
605 268 658 330 111.
1020 274 1082 338 333

69 500 157 549 στοας
171 476 265 561 σφίσι
278 468 564 561 ξυγκινδυνειίειν,
592 468 832 556 στρατεύονται
850 469 949 542 αὐτοί
959 501 995 540 τε
1010 499 1038 542 ιι.
1051 501 1081 540 τ.
1094 477 1123 540 λ.

65 583 260 666 Pmticipinm
283 573 453 664 παρόντες
474 581 507 644 et
519 580 559 645 sd
573 580 759 645 sententiam
770 581 851 657 etad
866 569 1123 673 constructionem

63 689 197 772 ineptum
219 690 279 767 est,
302 681 433 772 πλήθει
456 687 494 752 ad
516 668 718 763 sententiam
740 707 813 752 nam
823 687 989 752 multitudo
1001 687 1124 770 quidem

60 793 182 860 adscitis
230 794 462 880 Peloponnesiis
499 790 596 857 maior
640 793 743 857 futura
778 795 853 858 erat.
909 791 1123 860 Scribonium:

59 896 136 965 ἄνευ
174 925 214 965 τε
256 901 545 982 Πελοποννησίων
583 906 727 965 πειθοῖ
760 899 992 981 πειρῶνται
1036 893 1123 965 α’πσ·

60 1007 179 1091 στῆσαι
203 1000 268 1080 τοίς
289 1000 407 1081 πόλεις
429 1008 504 1082 καί,
527 999 744 1090 Ιβουλόμενοι
771 1001 844 1089 ἅμα
868 999 912 1079 nic
944 1006 1123 1083 πλείστους

60 1114 145 1196 σφίσι
176 1109 472 1201 ξυγκινδυνεύειν,
509 1106 749 1203 στρατευονται
776 1105 875 1178 αὐτοί
902 1138 938 1177 τε
967 1160 976 1176 .
1068 1114 1122 1177 καὶ

58 1213 74 1285 ί
106 1216 213 1300 πεζός
234 1217 256 1286 ἅ
266 1248 316 1306 μα
349 1214 641 1305 Πελοποννησίων
674 1211 906 1306 ...παρῄεα
957 1219 1042 1284 Duas
1073 1239 1123 1284 res
1168 1302 1173 1314 ἱ

58 1328 256 1411 susceperunt
278 1327 356 1406 chii,
384 1329 514 1393 alteram
548 1323 632 1393 ἄνευ
655 1329 739 1392 Hei.
763 1326 827 1392 sine
849 1326 958 1403 armis,
978 1325 1123 1409 *alteram

56 1433 111 1516 ipsi
132 1451 209 1498 cum
230 1432 460 1515 Peloponnesiis
482 1433 633 1499 coniuncti
654 1433 758 1497 armis.

140 1538 224 1604 dbd.
248 1539 299 1617 27,
321 1541 341 1602 3
363 1540 572 1606 scribendum:
596 1529 618 1628 ᾖ
639 1540 694 1627 (τῇ
716 1533 825 1616 πόλει)
847 1530 949 1623 μόλις
970 1539 1027 1602 ἐπὶ
1049 1551 1125 1612 ταῖς

56 1648 303 1733 γεγενημέναις
325 1651 514 1732 ξυμφοραῖς
531 1648 727 1733 ἐνδέχεσθαι
739 1639 825 1727 μετα
847 1645 995 1731 βεβαίου
1011 1670 1124 1731 παρα-

57 1751 178 1836 σκευῆς
201 1743 285 1815 ιιαθ’
306 1752 478 1828 ἑκουσίαν,
509 1747 532 1836 ἢ
554 1745 648 1819 πάνυ
665 1779 704 1840 γε
726 1745 871 1839 οἷνοίγιιῃ,
893 1756 1039 1836 προτέρα
1061 1777 1121 1817 πσι

57 1865 250 1945 ἐπιχειρεῖν,
284 1851 331 1924 οὐ
352 1854 399 1941 δυ’
431 1863 497 1942 (pro
520 1859 590 1925 που
617 1851 658 1943 δή
686 1862 740 1924 aut
768 1855 931 1942 σπουδή),
957 1853 1009 1943 μή
1042 1862 1123 1945 βια-

55 1971 180 2054 ζομένῃ
202 1991 255 2051 γε,
272 1960 359 2050 πρὸς
381 1960 609 2050 αὐθαιρίτους
632 1959 812 2037 κινδύνους
834 1969 919 2030 ἰέναι
943 1971 1011 2044 (nec
1041 1985 1123 2044 vcro,

56 2074 112 2138 nisi
133 2075 273 2157 cogatur,
307 2075 414 2156 sponte
446 2073 580 2155 pericula
602 2072 723 2149 subire).
771 2070 857 2163 Adeo
879 2072 1034 2136 sententia
1054 2091 1123 2154 per-

56 2180 159 2262 spicua
193 2179 226 2244 et
257 2179 440 2252 necessaria,
473 2177 547 2243 adeo
574 2178 672 2243 facilis
701 2176 862 2253 cerrectis,
890 2178 925 2241 ut
943 2176 1036 2242 'nihil
1068 2178 1123 2242 ad·

54 2285 190 2350 dendnm
212 2285 264 2359 sit,
287 2282 347 2347 nisi
362 2284 625 2355 (cavendierroris
648 2290 752 2361 causa)
775 2275 816 2348 οὐ
840 2277 881 2367 δή
902 2285 938 2347 ut
959 2287 1029 2348 ante
1049 2284 1123 2366 (ξι)

56 2386 93 2457 οὐ
113 2385 229 2476 μόνον
250 2389 333 2454 recte
354 2389 425 2469 poni
446 2389 478 2453 in
502 2391 639 2455 oratione
660 2391 810 2472 pendente
832 2391 871 2455 ab
894 2396 966 2473 ἔφη.

152 2496 222 2561 Ibd.
262 2494 313 2573 29,
353 2496 371 2555 2
409 2495 543 2576 primum
585 2496 756 2560 necessarie
791 2496 986 2561 retinendum
1027 2491 1120 2577 nep«)

55 2607 155 2667 πέντε
192 2601 278 2674 ναῦς
311 2603 420 2665 πλέον
442 2602 590 2687 (alioquin
610 2587 707 2666 ‚enim
740 2603 830 2685 plane
866 2622 926 2667 nen
959 2602 1122 2680 indicatur,

55 2712 168 2792 quanto
191 2708 261 2791 plus
284 2708 505 2789 Tissaphernes
529 2708 675 2791 dederit);
711 2708 820 2772 deinde
843 2708 1035 2773 scribendum
1059 2713 1121 2774 est:

58 2823 86 2888 ἐς
118 2812 188 2902 γάρ
216 2817 320 2879 πέντε
347 2813 432 2885 ναυς
471 2817 525 2879 καὶ
558 2810 770 2898 πεντήκοντα
802 2815 858 2890 (sic
886 2815 982 2885 codd.)
1008 2810 1122 2898 τρισί-

58 2946 182 2988 ισντα
205 2919 307 3000 (codd.
330 2920 440 3000 praeter
471 2921 571 2986 Vatis.
605 2923 696 3002 τρία)
730 2913 881 2984 τοίλαντα
916 2923 1028 2987 ἐδίδου
1061 2925 1123 2988 τοῦ

55 3020 176 3114 μηνός.
220 3025 364 3108 Triginta
383 3025 502 3089 talenta
534 3028 720 3108 stipendium
749 3027 939 3091 menstruum
963 3031 1029 3092 erat
1055 3047 1122 3093 sex-

57 3133 162 3219 aginta
185 3131 322 3204 navium,
346 3129 373 3193 si
393 3130 459 3195 bini
480 3132 559 3196 oboli
580 3134 612 3196 in
635 3134 716 3197 diem
745 3132 905 3208 detentum
936 3153 1006 3198 cum
1028 3135 1123 3217 igitur

57 3239 110 3305 hoc
129 3238 165 3305 in
197 3236 421 3321 quinquaginta
456 3237 588 3321 quinque
610 3257 703 3303 naves
728 3237 861 3313 daretur,
893 3243 993 3303 nautae
1028 3238 1120 3323 παρά

60 3350 157 3410 πέντε
181 3343 269 3414 ναὺς
301 3343 372 3424 plus
396 3341 587 3424 accipiebant
617 3351 681 3420 (um
712 3345 782 3407 fini
811 3338 925 3407 s'ohiffe
959 3345 1068 3422 mehr),
1090 3345 1122 3408 id

62 3454 115 3528 est,
137 3451 227 3515 tanto
247 3448 329 3531 plus
351 3449 499 3530 quantum
522 3448 683 3516 adiiciebat
705 3450 836 3532 quinque
859 3449 983 3514 navium
1006 3451 1122 3531 stipen-

59 3556 140 3621 dium
162 3556 197 3620 in
228 3555 363 3636 reliquas
386 3554 606 3641 quinquaginta
628 3555 761 3638 quinque
784 3554 990 3620 distnibutum.
1045 3554 1121 3619 Cum

60 3661 223 3727 excidisset
258 3656 439 3741 τριοίιιοντα
479 3665 548 3743 post
584 3654 813 3746 πεντήκοντα,
845 3661 877 3724 id
908 3661 1054 3724 mendum
1090 3663 1121 3725 in

60 3767 204 3833 Vaticano
228 3765 372 3830 relictum
395 3768 458 3844 est,
494 3766 526 3831 in
548 3769 657 3833 ceteris
678 3768 873 3843 occultatum,
895 3764 1000 3830 addito
1020 3766 1122 3831 infeli-

58 3873 132 3938 ditor
153 3872 242 3955 τρία.

155 3977 226 4043 Ibd.
258 3977 310 4054 45,
351 3979 371 4038 4
403 3997 420 4042 θ
452 3978 597 4044 codicum¹
621 3978 759 4062 vestigiis
792 3972 1019 4063 (α’ναίσχυντσι
1054 3978 1120 4044 εἶεν
