2580 4530
153 261 214 324 316
576 256 637 312 Lib.
655 257 708 313 111.

113 457 169 526 ὅτε
185 460 367 545 σφαλέντες
381 458 447 544 τήν
461 458 524 524 τοι)
539 457 722 526 πείσαντος
735 457 822 542 μίαν
837 449 978 543 γναίμην
1002 456 1160 539 ζημιοῦτε.

111 568 162 632 Ad
184 562 269 651 πρὸς
290 557 412 652 ὀργήν,
447 565 526 648 quod
547 562 742 628 notissimum
765 565 814 629 eat
843 562 1033 628 iracunde
1056 563 1162 646 signifi·

112 693 196 751 care,
227 691 370 755 perverse
399 672 521 737 additur
548 665 671 754 ἥντινα
699 662 820 755 τύχητε
851 669 998 746 (debebat
1025 669 1163 751 praeterea

112 784 267 863 ἔχοντες).
315 777 491 844 Dividendae
521 776 612 842 aliter
636 777 764 842 urterae:
798 774 862 841 νῦν
885 775 919 840 δὲ
943 769 1032 859 πρὸς
1054 770 1164 862 ὀργήν,

111 873 161 968 ἦν
184 909 276 949 τινα
300 878 421 970 τύχητε
444 886 638 967 σφαλέντες,
659 875 1016 971 τήντονκπείοαντος
1039 906 1070 947 ιι.
1093 909 1120 948 τ.
1141 885 1164 947 λ.

210 990 277 1055 Ibd.
301 991 350 1068 52,
373 991 391 1050 2
415 989 610 1054 scribendum
630 989 721 1072 puto:
746 982 828 1061 τούς
847 1015 884 1053 τι
907 981 1047 1061 οἷδίιιονς
1076 987 1165 1055 κολιί·
1210 978 1212 993 ¹

112 1122 195 1172 σειν,
219 1090 311 1181 παροί
336 1096 434 1180 δίκὴν
456 1095 491 1160 δὲ
513 1088 647 1160 οὐδένα.
679 1095 760 1169 Nam
783 1098 819 1160 τέ
837 1095 1069 1159 incommodum
1084 1095 1165 1173 este)

210 1202 275 1266 Ibd.
299 1202 349 1279 67,
373 1204 406 1264 1:
430 1194 580 1273 παλαιοίς
602 1194 725 1285 α’ρετοίς
746 1215 818 1274 τοῖς
848 1193 987 1287 αἰσχρόν
1009 1227 1048 1266 τε
1076 1203 1166 1287 δρῶσι

112 1309 292 1380 διπλασίας
327 1310 449 1394 ζημίας
488 1327 556 1373 esse
586 1307 695 1372 debere
737 1309 887 1392 (duplices
921 1318 1061 1390 poenas),
1101 1309 1167 1373 adeo

110 1434 202 1500 prave
223 1414 301 1478 mihi
323 1412 383 1480 dici
398 1415 530 1492 videtur,
552 1416 587 1479 ut
600 1414 735 1496 suspicer
748 1418 817 1498 post
829 1415 1167 1489 dcnlcm'cgexoidisse

111 1521 221 1593 αἰτίας
243 1520 437 1597 (διπλασίας
459 1521 598 1590 αἰτίας
621 1520 801 1605 ζφμίας).2)
1096 1529 1101 1535 “
1182 1538 1184 1542 ‘

209 1629 276 1694 Ibd.
299 1628 348 1704 81,
372 1629 406 1691 3:
441 1630 645 1711 Κερκυραῖοι
670 1629 763 1711 σφῶν
787 1621 901 1693 αὐταῖν
922 1621 1003 1699 roric
1027 1623 1168 1713 ἐχθροδς

111 1734 296 1807 δοκοῦντας
318 1733 405 1798 εἶναι
426 1726 601 1819 ἐφόνευον,
624 1729 689 1817 τήν
716 1739 780 1817 μὲν
809 1735 924 1800 αἰτίαν
954 1737 1169 1819 ἐπιφέροντες

109 1855 180 1914 τοῖς
201 1836 262 1905 τὸν
285 1839 397 1923 δῆμον
428 1836 663 1906 καταλύουσιν.
717 1840 848 1906 Mirifice
878 1840 1045 1922 praetextus
1078 1842 1170 1906 inter-

109 1947 232 2012 ficiendi
252 1945 441 2029 significatur
463 1947 623 2030 participio
646 1948 749 2013 addito
771 1946 908 2012 articulo.
954 1945 1168 2012 Scribandum:

109 2057 338 2139 ἐπιφέροντες,
362 2049 424 2118 ὅτι
447 2047 509 2118 τδν
526 2053 638 2138 δῆμον
657 2048 894 2120 καταλύσασιν.
917 2053 1058 2131 (Poterat
1079 2054 1170 2118 etiam

139 2307 162 2376 ¹)
181 2305 246 2375 Cap.
265 2302 299 2360 56
318 2305 385 2356 extr.
405 2303 475 2356 nihil
487 2304 586 2356 certius
597 2302 753 2358 Heilmanni
767 2303 928 2358 correctione
942 2304 970 2366 et
982 2291 1168 2373 explicatione.

176 2397 352 2466 Relinquitur
370 2393 533 2449 submoleste
556 2399 584 2448 et
607 2395 695 2449 inanis
714 2396 878 2450 discriminis
897 2397 996 2466 species
1015 2397 1046 2450 in
1065 2399 1168 2466 ξυμφέ-

180 2511 229 2559 ρον
248 2492 276 2542 et
295 2486 443 2556 ὠφέλιμον,
462 2491 566 2541 utnon
583 2505 643 2543 raro
665 2490 694 2542 in
717 2489 884 2544 orationibus
902 2489 1092 2558 Thucydideis.
1136 2490 1168 2544 In

176 2580 375 2652 superstitionis
385 2580 457 2633 enim
467 2580 635 2649 philologicae
652 2585 727 2652 parte
746 2598 842 2651 ponere
860 2582 939 2644 soleo,
958 2581 1030 2649 quod
1048 2582 1168 2650 plerique

177 2677 226 2730 has
245 2674 379 2728 orationes
398 2677 538 2743 tantopere
555 2674 730 2729 admirantur.
772 2676 831 2744 Ego
849 2675 987 2743 egregium
1006 2678 1033 2727 et
1052 2675 1167 2743 pruden-

175 2769 311 2825 tissimum
340 2785 429 2822 rerum
458 2771 594 2836 gestarum
624 2771 789 2822 narratorem
821 2769 902 2822 etiam
939 2768 968 2820 in
1001 2763 1168 2825 orationibus

175 2862 261 2917 multa
279 2864 357 2916 acute
375 2864 403 2914 et
421 2878 481 2914 cum
501 2861 597 2915 subtili
621 2863 768 2916 animorum
793 2865 821 2916 et
844 2862 1014 2917 consiliorum
1036 2861 1167 2941 humano·

174 2972 234 3008 rum
252 2954 441 3022 intellegentia
454 2956 617 3025 excogitasse
630 2959 657 3009 et
670 2957 789 3024 posuisse
802 2957 936 3021 confiteor,
956 2953 1003 3007 sed
1021 2969 1061 3016 ea,
1081 2955 1167 3023 specie

175 3048 290 3116 quadarn
309 3047 438 3106 novitatis
458 3050 536 3101 etex
559 3049 702 3102 insolentia
726 3048 910 3103 admirationis
929 3050 1035 3118 captum
1055 3047 1167 3101 moleste

175 3143 202 3195 et
218 3140 330 3194 obscure
348 3140 483 3193 elocutum
503 3143 532 3193 et
549 3157 601 3194 non
620 3158 679 3195 raro
698 3141 822 3195 inanibus
845 3141 973 3210 falsisque
997 3141 1166 3194 acuminibus

174 3234 319 3288 involvisse
345 3231 416 3294 dico,
444 3233 578 3286 interdurn
600 3234 722 3287 notiones
745 3237 940 3302 pervertentem
965 3236 992 3287 et
1010 3236 1165 3303 permutan-

175 3331 239 3391 tem,
267 3329 431 3395 maximeque
458 3327 487 3378 in
516 3326 656 3395 partiendo
678 3327 796 3380 membra
813 3326 890 3395 qnasi
909 3327 941 3379 de
959 3327 1095 3380 industria
1113 3343 1166 3381 non

175 3424 325 3475 servantem
343 3423 540 3487 tenentemque.
579 3419 649 3472 Nam
667 3419 737 3487 quod
755 3421 933 3488 cogitatorum
952 3420 1103 3473 subtilitati
1121 3435 1164 3473 ex·

174 3512 317 3581 primendae
336 3529 389 3566 non
408 3511 541 3566 suffecisse
559 3511 686 3565 orationis
704 3511 793 3579 copias
812 3513 923 3580 putant,
949 3516 1026 3565 erant
1044 3512 1165 3582 quaedam

174 3605 250 3657 novis
272 3604 402 3671 signanda
425 3602 591 3666 nominibus,
620 3603 665 3656 sed
690 3604 771 3658 velim
794 3604 969 3659 admiratores
988 3606 1163 3668 considerent.

173 3696 236 3764 qnid
254 3697 307 3764 ipsi
326 3698 462 3764 sapientiae
486 3695 612 3750 detractis
637 3697 782 3751 involucris
807 3699 969 3767 relinquant.
1013 3698 1164 3752 Admodum

174 3790 265 3843 tamen
284 3790 396 3858 antiqua
414 3792 455 3843 est
473 3783 528 3842 haec
546 3789 687 3844 admiratio
707 3807 759 3844 non
779 3792 844 3846 satis
862 3795 949 3845 canta.

132 3877 156 3947 ⁹)
176 3880 240 3948 Cap.
259 3883 301 3944 58,
322 3886 338 3938 3
356 3882 435 3952 paulo
460 3882 569 3950 propius
586 3881 620 3936 ad
638 3883 744 3938 litteras
762 3884 922 3954 (ἐσθήμασι)
948 3883 1050 3937 aceedit
1069 3883 1162 3939 ἐδίσ-

173 3991 258 4040 μασι
280 3991 359 4043 quam
378 3975 449 4044 quod
468 3973 807 4047 Blomfieldus'proposuit
827 3979 980 4047 ἑστιάματα.
