2580 4530
579 292 703 365 einen.
1071 295 1138 359 501>

106 493 195 558 enim
216 493 283 559 haee
308 502 380 576 pers
407 494 456 559 est
477 511 591 569 eorum,
628 510 695 573 quae
721 494 841 579 physici
863 495 909 560 illi
938 495 975 561 de
1001 496 1175 562 huiusmodi

106 600 204 665 rebus
237 599 427 678 sentiebant,
469 597 525 664 sed
558 598 744 663 narrationis
775 601 904 666 Diodoii
941 601 978 666 do
1010 620 1055 678 eo,
1093 602 1175 686 quod

107 705 283 771 οοοίᾶίεεολ.

211 807 278 872 Ibd.
288 807 322 868 5]
336 829 344 872 :
362 801 406 881 ώς
417 802 488 874 οὔτ’
503 804 601 876 αώτολ
614 811 945 900 πολοπραγμονοὺοἱ
962 837 993 876 τι
1006 813 1075 876 τών
1088 806 1175 878 ιιατά

108 910 177 999 τήν
201 909 411 1000 Λακωνικήν
432 908 504 980 οὔτ’
536 916 678 990 ἐκείνοις
702 914 878 985 ἅπτεσθαι
901 909 1087 1003 προσήκειν
1114 902 1176 1002 τῆς

111 1021 294 1094 Βοιωτίας.
338 1022 435 1086 Reate
457 1023 577 1087 veteres
599 1022 749 1089 editiones
772 1019 945 1110 προσήκει.
991 1024 1098 1088 Traxit
1119 1023 1176 1088 hoe

111 1128 192 1193 alter
211 1126 391 1193 infinitivus.
437 1129 544 1208 (Paule
569 1128 656 1206 ante,
688 1129 741 1194 ubi
769 1133 818 1197 eet
838 1126 1088 1216 ὑπελάμβανον
1112 1122 1175 1194 ον’-

111 1228 194 1306 τοώς
217 1234 339 1318 ῥᾳδίως
362 1283 368 1296 .
393 1283 401 1298 .
427 1284 434 1300 .
464 1235 813 1320 καταπολεμηθῆναι,
841 1238 987 1304 excidisse
1017 1233 1079 1314 άν,
1106 1237 1177 1318 pest

112 1359 158 1420 ea,
181 1360 249 1424 quae
270 1340 324 1405 lib.
347 1346 363 1410 Ι
384 1363 411 1408 α.
433 1346 452 1404 4
473 1339 636 1423 disputavi,
660 1360 720 1406 non
743 1363 818 1427 epus
841 1345 889 1409 est
912 1344 993 1421 diei.)

211 1446 279 1513 Ibd.
302 1447 357 1515 522
387 1451 474 1533 Περὶ
496 1444 561 1536 γάρ
585 1440 647 1518 τάς
669 1443 978 1535 πώλαςάπηντηοε
1001 1463 1071 1521 τοῖς
1096 1450 1174 1532 περὶ

111 1548 173 1619 τδν
195 1547 483 1638 Ἐπαμεινώνδαν
505 1553 608 1635 κη’ροξ
630 1549 761 1638 τοφλδν
784 1553 891 1639 άνδρα
917 1547 1175 1640 α’ποδεδραιιότα

112 1661 260 1745 κομίζων
272 1662 340 1734 καὶ,
353 1651 512 1742 καθάπερ
524 1648 568 1742 ἦν
581 1662 795 1744 εἰθισμένον,
808 1655 993 1747 ώνηγόρενε
1004 1655 1178 1746 κηρύττων

111 1760 193 1851 μήτ’
223 1759 355 1852 ἐξάγειν
379 1759 549 1850 Θήβηθεν
575 1758 656 1848 μήτ’
679 1760 869 1851 α’φανίζειν,
898 1761 972 1834 αλλ’
993 1761 1174 1853 οξπάγοντοι

112 1868 219 1939 πάλιν
249 1865 444 1952 α’νασώζιιν.
498 1871 685 1952 Ridiculum,
718 1892 888 1956 praeconem
917 1875 1022 1956 ipsum
1054 1892 1176 1938 servum

115 1980 276 2055 addnoere
299 1998 390 2063 quem
408 1977 524 2061 fugisse
538 1978 714 2060 pronuntiet
729 1981 760 2044 ot
775 1980 862 2044 educi
878 1981 1058 2046 abstentius
1073 1979 1175 2057 vetet3

113 2106 210 2170 neque
239 2104 312 2152 sune
336 2085 412 2150 aoeei
433 2082 514 2149 servi
538 2082 707 2166 aufugiunt.
752 2085 866 2151 Serio:
890 2088 991 2170 κῆρυξ
1015 2081 1177 2170 suetos

113 2192 157 2269 (id
178 2193 365 2264 ominosum)
393 2182 640 2273 άνδράποδα
675 2183 931 2276 α’ποδεδρακάτα
964 2192 1176 2278 γνωρίζων

115 2299 182 2372 καὶ,
211 2345 218 2359 .
245 2348 251 2361 .
277 2343 299 2370 .,
324 2289 510 2382 α’νηγόρεοε
534 2321 563 2360 κ.
587 2320 616 2361 τ.
639 2297 669 2360 λ.
714 2298 898 2383 Γνωρίζειν
920 2303 968 2366 est
988 2300 1106 2382 palam,
1138 2297 1177 2361 ad

113 2404 273 2468 hominum
298 2404 441 2469 notitiam
462 2406 658 2486 pronuntiare
681 2405 967 2484 (bekaooemaoteo).

213 2509 346 2575 lbeee:
380 2501 663 2593 Ἐπαμεινώνδας
687 2559 696 2577 .
720 2559 727 2574 .
752 2565 758 2574 .
782 2515 982 2598 ἐπροτέρηοε
1006 2511 1067 2596 τῆς
1088 2502 1176 2596 γνώ-

113 2640 188 2700 μης.
233 2615 376 2682 Graeeum
403 2617 450 2679 est
488 2615 524 2680 de
557 2637 603 2695 eo,
636 2618 723 2683 euius
758 2620 909 2684 sententia
943 2618 1176 2700 comprobatur:

114 2727 316 2807 ἐπροτέρηοε
338 2721 386 2809 τῇ
406 2715 562 2810 γνώμη,
586 2728 620 2789 ut
642 2726 740 2790 νικοὶν
755 2726 797 2811 τῇ
813 2720 933 2812 γνώμη
956 2728 987 2790 et
1006 2724 1048 2812 τῇ
1069 2715 1176 2810 μάχη,

112 2849 169 2894 nen
192 2828 255 2913 τῆς
275 2821 414 2914 γνώμης
436 2831 490 2893 aut
511 2832 571 2915 της
594 2829 714 2917 μάχης.
761 2832 844 2908 (Vid.
867 2832 905 2896 ad
928 2850 954 2896 ο.
977 2831 1041 2909 49.)

212 2934 281 3000 Ibd.
304 2935 362 2997 56:
397 2938 450 3000 καὶ
483 2930 522 3023 τά
555 2941 620 3019 μὲν
653 2937 788 3021 πρώτον
822 2930 1078 3022 άναχοιροώντες
1111 2929 1177 3016 τήν

114 3038 208 3118 τάξιν
231 3041 376 3115 διέλυον,
407 3034 445 3105 τδ
476 3043 510 3107 δὲ
533 3046 727 3110 τελευταῖον
750 3092 757 3106 .
782 3091 790 3106 .
815 3091 821 3103 .
851 3046 981 3130 ἐγένετο
1005 3034 1177 3124 παντελής

113 3141 224 3233 τροπή
247 3148 310 3212 τοι)
332 3149 571 3230 στρατοπέδου.
603 3150 782 3215 Necessarie
797 3150 906 3215 serie:
930 3142 994 3233 τήν
1009 3142 1103 3223 τάξιν
1122 3141 1177 3214 ον’

115 3254 261 3320 διέλυον·
277 3252 421 3333 (servans
454 3253 626 3333 erdinibUS‚
659 3258 938 3340 συντεταγμένοι,
976 3253 1175 3330 recedebani;

114 3368 148 3426 ἐν
168 3354 261 3437 τάξει
284 3361 465 3425 ἐποιοῦντο
487 3357 551 3444 την
573 3355 805 3449 α’ποχώρηοιν,
828 3364 864 3427 ut
885 3359 996 3425 dieitur
1017 3359 1101 3438 XIX,
1125 3360 1176 3438 84,

114 3469 164 3551 qui
181 3469 266 3534 tetus
287 3468 372 3531 loeus
395 3467 616 3550 comparandus
639 3471 707 3546 est).
739 3469 785 3534 De
807 3467 968 3552 negatione
992 3464 1097 3530 addita
1120 3465 1176 3530 ofr.

113 3571 187 3651 XII,
213 3574 264 3650 23,
287 3572 373 3648 XVI,
396 3572 479 3649 w)
1122 3561 1125 3569 ’

196 3677 282 3763 ‘Ibd.
305 3680 361 3743 64:
408 3672 461 3744 ‘H
477 3682 541 3762 μὲν
572 3670 635 3745 οὖν
665 3672 782 3764 πρώτη
803 3679 902 3764 μερὶς
924 3677 992 3743 τών
1014 3679 1177 3744 Βοιωτών

114 3892 311 3901 ———

139 4011 162 4081 ¹)
180 4012 267 4066 Mirer
284 4026 306 4065 e.
325 4011 359 4065 57
376 4010 466 4079 potins
488 4008 577 4064 notari
603 4009 802 4079 διαφυλάττειν
820 4024 900 4077 quam
919 4008 962 4063 δεῖ
980 4000 1178 4070 διαφυλάττειν

181 4121 242 4160 eum
261 4101 395 4158 Sannione
412 4102 484 4172 poni.
