2580 4530
154 226 216 287 348
579 222 639 278 nib.
656 222 708 279 111.

111 429 156 486 οἵ
174 447 217 486 τε
238 415 454 505 ὑγιαίνοντες
476 414 719 497 ἐξαναστάντες
742 422 896 507 ἔδραμον
910 418 1052 498 elevetis
1069 425 1148 488 πολε·

112 530 226 611 μίσος,
249 534 346 593 οἵτε
369 532 434 612 (pro
458 527 506 606 δέ)
532 522 722 611 κάμνοντες
743 520 1002 615 α’ναιιραγιίντες
1029 524 1149 601 ...τίς

110 628 263 706 α’σπίιλας
284 630 371 717 πρός
393 629 433 699 τύ
459 627 585 717 ιλιίρατα
608 643 780 719 ἔκρουσαν,

213 740 280 805 Ibd.
319 739 339 824 ᾗ
372 741 411 803 28
446 761 482 806 ex
517 741 574 805 heo
596 740 757 805 meliorum
780 740 924 807 oodioum
945 743 1104 827 seriptum:
1121 735 1152 824 ἢν
1187 732 1192 763 “

111 839 253 933 α’γαθύν
276 873 307 912 τι
334 841 373 911 τό
408 847 601 930 στράτευμα
635 847 720 934 πεζῇ
751 839 976 933 ἡγησάμενος
1003 849 1153 934 φαίνηται,
1198 910 1201 949 1

112 947 179 1017 ἐστ’
215 948 260 1018 ἄν
292 960 330 1019 ἐν
367 950 456 1039 ἄλλω
486 959 582 1017 ίθνει
617 957 779 1038 γίνωνται
817 959 884 1037 (pro
918 974 982 1038 qun
1016 955 1155 1021 muniieeie

110 1061 345 1142 interpolatione
370 1059 571 1124 substitutum
586 1128 589 1133 ⁴
605 1063 661 1127 est
691 1059 770 1143 quod
792 1058 895 1123 editur
917 1079 954 1125 ex
976 1060 1098 1127 ceteris:
1123 1066 1156 1144 νῇ

113 1159 339 1250 στρατεύματι
376 1159 626 1251 ἐξηγησάμενος
657 1150 835 1250 φαίνηται,
870 1167 903 1231 in
940 1186 1001 1250 qno
1033 1167 1104 1232 nihil
1122 1168 1158 1230 ost
1199 1206 1201 1215 =

112 1278 306 1358 ἐξηγεῖσθαι
330 1268 557 1354 στρατεύματι
580 1264 720 1357 α’γαθόν
746 1277 792 1347 τι)
814 1272 1012 1339 efficiendum
1040 1273 1157 1339 videtur:

113 1373 158 1460 ἢν
181 1371 320 1464 α’γαθόν
341 1403 372 1441 τι
396 1373 434 1442 τύ
464 1371 659 1461 στροίτειιμοι
684 1372 824 1466 ρ’ίξῃῆ
853 1372 1075 1464 ἡγησάμενος
1096 1376 1158 1462 φαί-

112 1510 221 1567 νηται.
249 1477 313 1549 τοτ’
336 1479 381 1548 ἄν
404 1510 433 1549 κ.
456 1512 483 1550 τ.
514 1489 543 1551 λ.
595 1485 709 1551 Vetere
736 1487 769 1549 et
797 1485 919 1568 poetiou
947 1485 1045 1551 verbu
1070 1484 1159 1549 notun

108 1593 159 1656 est
195 1591 428 1673 Xenophontem
466 1592 620 1658 interdum
657 1590 812 1672 posuisse,
848 1593 884 1656 ut
922 1592 956 1655 in
993 1591 1051 1656 hoe
1086 1607 1159 1673 opere

111 1691 269 1781 α’περύκω
310 1700 427 1781 (postea
459 1699 628 1784 Polybius),
670 1688 799 1783 α’ριίγω,
840 1689 1030 1774 α’λέξαοθαι
1071 1696 1159 1766 lotium

109 1803 306 1883 Herodotus),
328 1799 493 1889 ἠλίβατος
527 1808 644 1888 (postea
681 1804 842 1889 Polybius,
871 1803 1006 1882 Strabo),
1029 1793 1159 1885 θαμινά,

111 1903 276 1995 θύρετρα,
313 1904 406 1977 λύειν
437 1932 491 1995 pro
529 1913 730 1988 λιιοιτελεῑν,
761 1903 918 1996 ματεύω,
952 1912 1064 1995 μείων
1086 1926 1160 1991 oaepo

109 2021 279 2101 πέπαμαι,
301 2020 473 2094 τελέθειν,
496 2013 644 2103 τλήμων.
808 2009 811 2015 ¹

209 2123 277 2189 Ibd.
301 2124 317 2205 ἓ
340 2124 391 2187 35.
414 2123 554 2189 Ridicule
576 2145 670 2208 equus
699 2124 905 2207 παλαίτερος
927 2123 1036 2201 detur,
1059 2142 1117 2187 non
1135 2118 1162 2182 nt

110 2230 277 2303 mactetur,
315 2229 370 2292 sed
402 2232 437 2293 ut
467 2229 612 2294 educe-tur
647 2223 909 2312 (α’ναθρὲιιιαντι)
946 2232 979 2295 et
1015 2228 1162 2294 mentetu-

109 2333 201 2397 Dedit
220 2352 290 2398 eum
301 2334 469 2417 Xenophon
485 2335 529 2420 ep]
546 2329 705 2420 κωμάρχγγ
728 2326 750 2398 α’
759 2338 1045 2419 ναστρέιιιαντι
1073 2359 1164 2400 κατα·

109 2440 218 2504 θεῖσαι
242 2446 324 2516 (eum
349 2439 473 2504 domum
497 2439 650 2515 redisset).

209 2546 275 2609 lbd.
298 2547 335 2625 V,
360 2546 389 2621 1,
411 2549 448 2607 4:
496 2543 596 2617 Φίλος
619 2546 681 2628 μοι’
703 2552 806 2620 ἐστιν,
830 2538 855 2610 oi
877 2542 1012 2628 ἄνδρες,
1037 2540 1165 2623 Ἀναξί-

110 2655 199 2733 βιος,
234 2652 411 2736 ναυαρχῶν
449 2651 483 2716 ol
516 2653 570 2716 ναί
601 2646 768 2739 τύγχοίνει.
816 2653 923 2736 Neque
954 2652 1089 2719 adieetio
1110 2654 1166 2717 haeo

108 2758 159 2820 est
180 2757 272 2836 (καί),
300 2758 354 2822 sed
382 2757 543 2842 resipui,
572 2778 671 2843 neque
704 2761 760 2825 καί
787 2758 826 2823 ad
853 2751 1022 2844 τυγχάνει,
1054 2760 1109 2826 sed
1135 2756 1167 2822 ad

110 2863 286 2949 ναυαρχῶν
309 2863 536 2947 adiungendum
565 2869 639 2930 erat.
688 2868 814 2931 Fuitne:
851 2867 1028 2950 ναυαρχῶν
1052 2859 1081 2933 d’
1104 2858 1168 2948 οὐχ

111 2965 204 3042 ende
225 2964 405 3056 τογχοίνειλ
450 2970 554 3037 Utitur
574 2973 628 3037 illo
652 2974 794 3039 adverbio
816 2971 1011 3056 Thucydides
1033 2976 1091 3037 ter.

209 3076 276 3139 Ibd.
302 3081 335 3151 4,
362 3078 418 3139 34:
453 3085 490 3142 ἕν
516 3103 552 3143 τε
582 3072 647 3163 γοίρ
676 3075 760 3164 ὄχλῳ
783 3075 879 3151 ὄντες
901 3078 1061 3152 ἐποίουν,
1084 3074 1168 3160 ἅπερ

109 3177 160 3247 σίν-
177 3177 357 3266 ἄνθρωποι
391 3188 428 3249 ἐν
462 3186 586 3268 ἐρημίᾳ
618 3179 808 3269 ποιήσειαν.
861 3185 1011 3251 Homines
1048 3187 1169 3269 quidem

109 3289 156 3353 illi
177 3308 296 3372 quoque
319 3291 416 3353 erent.
469 3289 514 3354 lox
536 3285 625 3374 ἅπερ
647 3286 692 3355 ἂν
716 3298 753 3358 οἱ
788 3292 936 3356 λοιποί
958 3293 1060 3355 ortum
1084 3289 1169 3375 ἅπερ

108 3392 300 3478 ἅνθρωποι.
346 3395 396 3460 Sic
418 3397 500 3460 euim
522 3396 652 3474 eodinus,
674 3418 736 3464 non
756 3395 844 3480 ἅπερ
867 3394 912 3463 ἄν
933 3395 1016 3462 ἄνθ.

209 3502 275 3566 lod.
310 3503 342 3575 6,
375 3503 416 3565 2:
458 3503 513 3567 καί
550 3495 668 3586 ἠξίουν
690 3501 863 3588 Ἕλληνας
896 3501 998 3577 ὄντας
1024 3502 1168 3588 Ἕλλησι

109 3604 217 3694 τούτῳ
254 3610 389 3694 πρῶτον
428 3609 535 3680 καλῶς
573 3609 748 3694 δέχεσθαι,
783 3610 828 3694 τῷ
864 3607 1049 3682 odornense
1081 3612 1166 3676 εἶναι

112 3741 139 3778 κ.
175 3714 204 3778 τ’.
241 3718 269 3778 λ.
324 3716 410 3780 Nihil
446 3735 481 3781 ex
512 3715 567 3792 iis,
606 3735 673 3798 quae
705 3716 744 3780 ed
781 3715 918 3780 dativum
956 3717 1167 3809 explicandum

109 3822 250 3894 anenno,
285 3823 407 3887 suffieit.
463 3823 592 3886 Videtur
624 3821 816 3886 scribendum
850 3823 1080 3896 ξενοῦσθαι
1115 3843 1167 3906 pro

109 3929 276 4013 (λε’χεσθαι.
