2580 4530
519 292 579 348 Lib.
600 292 653 350 ΙΙΙ.
1019 292 1080 358 343

71 488 133 557 τότε
148 492 373 574 opteramum)
396 481 469 554 αλλ’
491 481 564 554 oo’d'
586 489 659 553 darei
683 483 860 575 tsevapdr
881 485 962 563 ταας
980 490 1122 574 repudio-
1176 544 1178 551 ,

69 599 214 682 definitur
240 589 357 682 λαβαίν
379 587 560 659 α’παλιπαίν
587 588 715 681 αὐτούς
737 591 851 683 ᾤχετο,
874 590 947 664 οὐδ’
969 592 1013 669 τίς
1037 591 1121 662 α’πε-

10 760 12 771 .
69 697 259 790 ιτραίφηταν
283 729 311 767 κ.
336 729 365 767 τ.
390 704 419 766 λ.
473 701 621 785 Apparet,
642 703 712 784 post
732 699 942 784 parenthesin,
974 703 1012 767 de
1033 704 1119 768 ouius

68 811 275 876 terminatione
301 822 400 894 neque
426 827 481 891 per
508 827 545 873 se
567 827 666 892 neque
693 809 817 891 propter
838 809 855 891 ᾗ
879 809 916 869 11
948 811 1012 874 ulla
1033 810 1122 875 dubi-

68 917 133 982 tatio
154 919 219 991 est,
252 918 325 980 ante
347 908 420 980 ἄλλ’
442 906 516 980 odd
535 913 701 978 desiderari
730 913 862 996 aliquid;
890 914 923 978 id
945 914 1122 980 huiusmodi

67 1025 130 1089 nit:
163 1017 240 1108 οὐχ
262 1018 378 1093 ὅπως
399 1014 656 1109 α’πίατησαν,
685 1013 758 1084 αλλ’
781 1013 854 1085 orid'
877 1022 950 1085 ἐπεὶ
976 1047 1004 1084 ιι.
1028 1048 1056 1085 κ.
1080 1024 1120 1098 λ,

68 1131 116 1195 etsi
137 1124 269 1196 verbum
292 1128 374 1194 aliud
396 1127 456 1194 fuit
478 1120 671 1208 (deridendos,
694 1120 863 1215 α’πῄεπαν,
886 1110 971 1205 dett*

155 1235 224 1300 Ibd.
247 1235 306 1318 §8
334 1233 529 1300 scribendum
556 1235 617 1298 est:
653 1234 721 1297 τών
749 1225 779 1297 δ’
811 1233 958 1300 ἔνδοθεν
993 1238 1025 1298 oi
1056 1236 1121 1317 μὲν

68 1341 113 1405 ini
134 1341 200 1406 τοῦ
221 1344 353 1427 τείχους
378 1341 435 1418 (sio
455 1341 657 1405 Leunolavius
683 1358 738 1424 pro
763 1341 819 1405 ἐπὶ
847 1334 885 1405 τό
917 1349 1054 1427 τεῖχος),
1089 1331 1120 1403 oi

66 1450 91 1511 di
114 1451 168 1514 καὶ
189 1455 352 1512 ἔσωθεν
375 1449 441 1531 (pro
454 1448 595 1530 ἔξωθεν)
618 1452 666 1510 ἔτι
689 1436 1003 1533 α’ναβαίνονττς
1024 1443 1121 1518 τούς

66 1557 123 1619 eni
160 1554 287 1638 (vulget
324 1547 579 1637 α’ναβαίνονπας
612 1554 680 1632 ἐπί)
713 1568 788 1628 ταῖς
829 1548 986 1640 κλίμαξιν
1018 1549 1121 1626 ὄντας

64 1661 401 1737 reremaneret:
446 1680 567 1738 eorum,
598 1661 650 1744 qui
680 1661 764 1726 intus
795 1662 834 1727 ad
862 1680 985 1726 murum
1014 1661 1120 1724 defen·

63 1768 192 1833 dendum
213 1771 425 1845 accurrerant,
456 1767 509 1832 alii
529 1768 592 1831 iam
613 1768 645 1830 in
667 1786 754 1831 muro
776 1770 912 1842 stantes}
933 1767 987 1833 alii
1008 1766 1120 1830 etiam-

61 1878 127 1939 tunc
156 1894 195 1939 ex
216 1874 364 1940 interiore
384 1875 472 1956 parte
494 1873 715 1938 adscendentes
737 1891 804 1948 eos,
826 1874 878 1956 qui
899 1874 950 1951 (ab
972 1872 1120 1937 exteriore

60 1983 152 2061 parte)
176 1979 217 2044 ad
240 1980 340 2045 soalas
368 1980 489 2063 (quibus
516 1981 689 2058 evaserant)
720 1980 822 2057 erant,
859 1979 1026 2052 feriebant,
1062 1981 1118 2042 eet.

59 2087 121 2165 His,
144 2087 199 2170 qui
222 2087 279 2152 ἐπὶ
302 2099 376 2159 ταῖς
399 2087 555 2171 κλίμαξιν
577 2088 666 2177 erant
686 2086 778 2168 (quod
800 2088 927 2168 apparet
946 2104 1006 2149 non
1028 2085 1119 2168 longe

58 2191 191 2275 separari
221 2193 261 2256 ab
288 2195 343 2257 ἐπὶ
372 2193 439 2257 τῶν
462 2186 656 2276 κλιμάκων),
678 2174 821 2257 contrarii
842 2193 915 2256 sunt
937 2196 968 2257 οἱ
991 2184 1120 2276 sivestr-

56 2297 199 2383 dpuo'aer
221 2299 254 2362 in
276 2299 412 2382 proximo
433 2319 531 2364 versu.
540 2299 564 2377 ¹)

151 2406 221 2470 Ibd.
237 2405 254 2488 ξ
268 2407 305 2466 17
319 2405 468 2488 seriptum
490 2407 585 2470 fuisse
607 2407 726 2488 opinor:
749 2407 902 2491 χαλεπῶς
922 2410 988 2490 μὲν
1011 2400 1119 2490 τιμήν

56 2514 271 2595 πορίζοντες,
301 2513 455 2596 χαλεπαῖς
479 2512 513 2576 δὲ
541 2507 621 2584 τους
642 2500 895 2596 κομίζοντας
927 2514 995 2595 (pro
1019 2513 1118 2594 πορί-

55 2626 186 2697 ζοντας)
198 2611 499 2702 διαπραττόμενοι,
519 2619 679 2705 γλίσχρας
702 2613 731 2686 (λ’
753 2616 920 2708 ἐγγυητάς
933 2614 1117 2684 καθισταν-

55 2752 105 2799 τες
132 2727 205 2790 τῶν
234 2718 382 2800 α’ξόνταιν
411 2719 615 2812 ὑποζυγίων.
664 2727 851 2802 Difficulter,
884 2728 935 2810 qui
964 2729 1119 2810 portarent

55 2834 207 2905 (iumenta
229 2833 383 2914 portantia
405 2835 547 2916 regerent
569 2835 600 2897 et
622 2834 864 2910 comitarentur),
885 2833 1090 2897 inveniebant.

150 2938 220 3004 Ibd.
244 2940 275 3016 4,
299 2940 352 3002 ll:
390 2932 452 3003 οὐκ
487 2932 649 3005 ἐδύναντο
684 2942 896 3021 καταπρᾶξαι
931 2936 1014 3003 ὥστε
1037 2933 1117 3008 τους

56 3047 118 3110 πᾶν
141 3047 315 3112 Φλιασίων
337 3039 491 3129 φυγάδας
511 3051 629 3128 ,πίνειν
659 3052 695 3110 ἐν
718 3046 763 3130 τῷ
792 3037 989 3128 Τρικαράνῳ
1014 3039 1058 3116 αίς
1080 3051 1117 3107 ἐν

56 3153 94 3235 τῇ
123 3151 254 3217 ἑαυτῶν
282 3144 379 3215 πόλει
409 3160 559 3236 ἔχοντας.
608 3151 890 3217 insolentissimum
918 3160 979 3235 ἔχω
1008 3146 1052 3222 oie
1082 3157 1116 3213 ἐν

58 3260 94 3342 τῇ
116 3258 272 3342 ἐμαυταν
308 3253 416 3324 πόλει.
465 3258 542 3323 Sor-t
582 3254 625 3331 τίς
648 3265 684 3323 ἐν
716 3258 758 3344 ’τῇ
781 3257 909 3322 ἑαυτῶν
932 3250 1028 3322 πόλει
1052 3261 1115 3320 αι’-

58 3368 245 3436 nodatam

149 3471 219 3536 Ibd.
233 3471 249 3553 ξ
264 3469 322 3532 2οτ
346 3470 543 3554 νομίζοντες
559 3467 664 3543 οὕτως
686 3465 732 3536 ιῖν
752 3464 900 3556 μα’λιατα
924 3464 1115 3553 α’πολαβτῖν

81 3717 101 3785 ¹)
119 3718 178 3772 lbd.
190 3723 206 3783 ξ
218 3722 252 3774 16
270 3721 408 3786 πρόξενον
426 3722 618 3791 appellativum
634 3739 690 3776 esse
709 3697 743 3776 et
754 3723 819 3776 ordo
838 3721 977 3775 verborum
996 3721 1115 3776 ostendit

122 3811 254 3880 (alioquin
274 3810 384 3865 dixisset
404 3813 545 3879 Πρόξενον
569 3814 617 3868 τὸν
639 3819 729 3881 Πελλ.)
756 3818 784 3866 et
801 3832 850 3868 res.
887 3814 1025 3868 Laudatur
1044 3815 1114 3868 enirn

120 3904 248 3958 memoria
260 3905 372 3973 hospitii
385 3907 413 3958 iu
426 3907 498 3959 bello
511 3911 622 3961 servata.
658 3907 785 3975 Captivos
803 3908 912 3961 omniuo
931 3905 997 3962 ἄνευ
1009 3909 1115 3974 λύτρων

120 3998 258 4051 dimittere
284 3998 384 4052 Gracia
402 4001 430 4052 in
452 4004 568 4054 mentem
587 4017 640 4054 non
660 4001 797 4065 veniebat,
827 4018 859 4054 ne
878 4000 988 4055 laudare
1006 3999 1112 4070 quidem

118 4089 229 4144 tectum
