2580 4530
589 267 649 327 Lib.
668 266 722 325 ΙΙΙ.
1081 267 1142 332 391

127 467 204 533 enim
229 466 264 531 in
298 486 334 534 ee
361 467 593 550 reprehenditur
622 467 821 545 Protarchus,
853 468 934 551 quod
965 467 1025 532 elio
1059 467 1187 533 nemine

125 573 300 655 voluptates·
316 574 460 656 appellet,
483 575 537 639 sed
559 573 650 656 qued,
672 573 891 638 eum'iirersae
909 573 983 655 ipsae
1005 573 1077 651 sint,
1099 573 1186 639 eliud

123 679 157 744 iis
178 697 346 745 eommune
367 698 478 744 nemen
496 679 719 762 (praedieetum)
743 679 890 762 imponet.
925 679 1004 745 Turn
1027 673 1185 765 φήσομεν

123 785 224 868 eperte
253 784 399 852 vitiosum
438 786 488 851 rel
523 786 589 869 ipso
621 786 691 850 ”loeo
708 785 870 870 ‘argirituu
923 778 996 850 Fuit
1029 786 1182 851 fortusse:

122 896 216 978 ἑτέρῳ
240 885 292 964 οἷς
312 886 357 957 ἓν
378 881 532 973 ὀνόματι.
616 978 619 985 s

217 999 287 1064 Ibd.
309 1016 340 1079 p.
356 998 395 1058 14
418 998 460 1061 B:
492 999 735 1070 κατατιθέντες
758 997 791 1062 δέ
818 999 870 1068 οἷς
892 990 931 1062 τό
957 999 1082 1080 μέσον,
1104 1001 1185 1064 τολ-

120 1103 253 1188 μῶμεν,
275 1100 319 1170 ἄν
341 1129 391 1190 πῃ
412 1103 730 1189 ἐλεγχομένοιωοᾶιὶ
754 1095 982 1189 ἐλεγχόμενοι)
993 1096 1184 1189 μηνύσασι,

121 1205 267 1294 πότερον
289 1203 419 1294 ἡδονήν
440 1204 600 1295 τοῖγαθον
622 1209 671 1275 δεῖ
684 1211 793 1295 λέγειν
814 1204 837 1296 ἢ
865 1198 1035 1299 φρόνησιν’
1058 1237 1086 1276 κ.
1099 1237 1127 1276 τ.
1152 1213 1182 1276 t.

119 1315 239 1381 Exeidit
264 1315 435 1382 infinitivus
459 1318 530 1399 pest
562 1317 777 1401 turpem·
803 1317 885 1382 Nem
919 1317 1048 1382 artificia
1077 1316 1184 1382 defen-

120 1421 257 1488 dentium
290 1440 414 1503 prorsus
442 1423 574 1488 absurde
611 1424 692 1488 sunt,
728 1423 839 1487 Fuitne
862 1423 1043 1507 τολμῶμεν
1067 1448 1183 1507 μετι-

119 1529 226 1603 έναι,
248 1524 295 1594 ἄν
316 1553 366 1616 πῃ
388 1578 395 1592 .
418 1578 426 1596 .
449 1531 481 1593 ,Ρ

215 1622 283 1700 Ibd.
297 1655 325 1718 p
338 1635 377 1698 15
389 1635 437 1700 A:
466 1635 545 1718 περὶ
568 1627 698 1701 τούτων
711 1636 778 1700 τῶν
789 1629 918 1701 redden
939 1636 995 1699 καὶ
1018 1635 1086 1699 τών
1107 1658 1180 1698 τοι-

118 1733 228 1806 ούτοιν
255 1733 410 1824 tinette)
433 1737 565 1824 σπουδή
592 1735 681 1825 prese?
711 1740 899 1825 διαιρέσεως
922 1733 1182 1826 οἷμφιοβήτροις

117 1848 281 1934 γίγνεται.
335 1847 462 1912 Frustra
494 1847 643 1930 explicere
675 1847 895 1913 Steilbeumius
926 1848 1067 1923 eonaturr
1100 1845 1183 1913 Her·

116 1973 247 2021 mannus
266 1955 328 2019 trie
348 1953 442 2019 verbe
455 1952 547 2018 delet.
590 1953 702 2019 Lenior
711 1954 800 2019 adest
811 1953 978 2020 medicine:
999 1947 1116 2036 ἦπολ
1132 1953 1180 2040 λῇ

117 2061 281 2148 σπονδῇ
302 2055 607 2142 μετιέδιαιρέοεως
624 2052 880 2146 α’μφιοβήτηοις
901 2060 1068 2147 γίγνεται.

213 2167 284 2233 Ibd.
293 2187 323 2248 p.
335 2166 427 2229 1613:
452 2160 495 2232 ου’
515 2161 589 2251 μην
602 2176 672 2233 ε”οτι
695 2170 840 2234 καλλίων
861 2164 940 2241 ὁδός
960 2161 1033 2248 οὐδ’
1057 2160 1101 2232 dv
1122 2169 1181 2251 γέ-

113 2297 205 2338 νοιτο
228 2260 271 2357 ἧς
293 2267 356 2357 ἐγώ
380 2267 522 2356 ἐραστής
543 2275 608 2357 μέν
629 2280 700 2358 εἰμι
723 2269 777 2340 αἐέ
799 2300 827 2339 ιι.
847 2301 877 2341 τ.
894 2277 923 2342 λ.
958 2273 1177 2340 scribendum:

113 2385 245 2466 γένοιτο
276 2372 298 2463 ἢ
328 2404 350 2464 η
359 2403 386 2452 ς.
437 2380 545 2463 Neque
579 2380 661 2444 enim
694 2401 829 2464 unquam
863 2381 1024 2467 genetivus
1056 2379 1178 2445 relativi

113 2485 260 2550 simulet
282 2484 465 2568 praecedenti
486 2487 693 2569 temperative
722 2491 753 2553 et
779 2489 917 2572 sequenti
948 2487 1063 2556 nemini
1083 2505 1178 2571 gene·

112 2590 212 2656 tivum
234 2591 386 2673 flagitanti
410 2610 516 2674 parere
536 2594 650 2673 potest.

213 2697 280 2761 Ibd.
292 2718 322 2781 p.
339 2699 376 2759 17
387 2699 430 2761 A:
454 2702 485 2762 οἱ
511 2697 544 2763 δὲ
556 2699 619 2764 νῦν
632 2701 698 2764 τῶν
710 2695 907 2785 ανθρώπων
921 2702 1017 2784 σοφοὶ
1040 2694 1079 2764 έν
1099 2701 1176 2781 μέν,

111 2799 205 2876 ὅπως
232 2797 280 2868 ἄν
301 2798 432 2890 τύχωσι,
456 2805 510 2868 καὶ
539 2801 649 2870 πολλα
672 2817 777 2890 (preve
799 2810 1012 2873 Hermennus:
1040 2798 1176 2888 τύχωσι,

111 2905 152 2975 ed
175 2907 306 2993 πολλοὶ)
328 2912 461 2975 θᾶττον
484 2913 539 2976 καὶ
561 2911 774 2997 βραδύτερον
786 2914 921 2978 uuunder
945 2912 1007 2977 uod
1029 2912 1176 2983 δέοντος,

110 3011 197 3098 μετα
230 3014 265 3080 δὲ
293 3010 331 3080 τέ
355 3013 394 3082 ἓν
416 3014 539 3102 ἅτιειρα
571 3012 696 3092 εὐθύς·
723 3016 764 3084 τοὶ
797 3021 831 3086 δὲ
862 3023 948 3102 ,ιιέοα
972 3012 1098 3089 αὐτούς
1120 3025 1175 3082 έκ-

111 3115 237 3204 periret.
292 3123 498 3188 Lentitudinis
540 3127 731 3209 reprehensio
767 3145 865 3209 neque
906 3144 975 3190 eum
1019 3125 1176 3189 eeleritate

110 3229 250 3312 congruit
274 3248 373 3311 neque
400 3249 468 3295 eum
495 3250 543 3307 re;
570 3232 729 3296 eelerrima
756 3231 837 3296 enim
865 3232 897 3295 et
923 3230 1103 3295 brevissime
1124 3230 1176 3294 rie

108 3332 161 3398 isti
181 3333 323 3400 homines
343 3336 382 3399 eb
403 3335 491 3400 initio
514 3337 553 3401 ad
575 3339 744 3403 extremum
766 3336 921 3403 transilire
942 3335 1170 3400 insimulantur.

110 3437 283 3522 Scripserat
311 3440 400 3505 Plato
430 3438 688 3529 βραχύτερον
719 3445 822 3523 (nimis
849 3443 987 3510 eeleriter
1022 3443 1053 3506 et
1079 3441 1174 3506 nimis

109 3544 226 3628 exiguis
254 3545 391 3624 finibus);
425 3548 480 3612 sed
511 3552 659 3632 praeterea
679 3551 847 3616 tollendum
871 3550 905 3616 δέ
926 3551 996 3632 pest
1015 3540 1104 3634 μετέ
1126 3547 1175 3612 ri-

109 3650 212 3728 detur;
235 3652 394 3717 haeeenim
418 3654 603 3736 appositione
616 3655 655 3721 ad
677 3657 813 3722 ποιοῦσι
836 3657 1057 3741 adiunguntur:
1079 3651 1168 3738 μετέ

107 3751 144 3820 τέ
169 3752 208 3822 ἓν
230 3753 357 3842 ἄπειρα
380 3752 499 3836 εὐθύς,
522 3761 631 3825 deinde
654 3763 785 3838 additur,
808 3763 888 3846 quod
912 3756 1017 3828 illi-te
1038 3765 1104 3845 μέν
1116 3765 1171 3828 καὶ

107 3857 217 3928 πολλά
240 3866 438 3948 respondeat:
462 3861 503 3931 τοῖ
527 3867 561 3932 dt
582 3871 668 3950 μέσα
692 3895 720 3934 κ.
744 3895 773 3933 τ.
798 3872 827 3933 λ.
865 3867 922 3944 (De
944 3889 973 3951 p.
1000 3871 1033 3929 rt
1059 3868 1086 3932 D
1109 3869 1170 3933 vid.

105 3986 134 4051 r·
156 3969 225 4043 34.)
364 4044 367 4053 .

206 4075 275 4141 Ibd.
293 4095 323 4158 p.
343 4077 380 4138 18
402 4077 438 4142 B.
460 4077 546 4144 Nihil
567 4082 616 4145 est
635 4080 687 4159 (de
709 4098 754 4159 eo,
776 4081 827 4164 qui
849 4080 889 4145 eb
909 4080 1030 4148 infinito
1051 4079 1174 4163 incipit)
