2580 4530
544 274 603 331 Lib.
621 276 643 330 1.
1036 279 1076 342 43

41 485 110 557 bns,
149 479 309 564 podagra
338 481 372 543 et
401 468 557 560 chiragra
581 475 735 541 domicilio
761 480 806 549 tet
833 477 920 542 addit
940 479 1127 546 Plutarchus

42 596 107 671 post
138 600 281 673 χεῖραςτ
328 580 379 657 οἷς
409 585 609 664 ἐνοικίζεται
640 578 745 666 παθη
773 578 867 649 δεινοί
899 586 954 650 καλ
978 587 1122 672 σχέτλια,

44 698 176 772 σείσω),
199 691 318 758 sedin
337 690 448 756 dentre
470 693 503 755 et
522 689 672 772 pudendis
694 683 765 753 euin
786 690 953 773 voluptatis
974 692 1124 775 originem

45 799 203 882 posuisse:
257 798 426 881 scripserat
453 795 656 859 Plutarchus:
704 797 803 873 iidoc
826 793 891 882 γάρ
913 789 1022 880 ἡδονή
1045 800 1127 881 περὶ

48 908 251 992 γαστέρα,
288 905 406 969 πᾶσα
429 895 651 987 δὀἷλγηιλσίν
671 902 769 985 περί
792 897 908 985 ἄρθρα
933 905 987 968 καί
1020 905 1123 987 νεῦρα

49 1041 75 1078 ι.
92 1038 120 1079 τ.
139 1016 184 1089 λ.,
202 1011 269 1078 etsi
279 1010 386 1094 polest
402 1009 499 1073 etiam
514 1010 585 1092 post
594 1010 739 1095 γαστέρα
756 1004 910 1070 addidisse
928 1011 982 1074 καὶ
1002 1010 1126 1074 αἰιλσῑα.

52 1119 135 1201 lpnd
160 1116 304 1181 eundem
333 1115 365 1179 in
387 1115 455 1180 vita
486 1115 619 1199 Lycurgi
648 1135 674 1182 c.
710 1117 752 1178 30
779 1115 943 1181 scribitur:
987 1110 1126 1200 'Alt'rj

52 1224 240 1310 πειθαρχία
272 1216 430 1308 μα’θημα
453 1223 520 1304 μέν
541 1227 632 1287 ἐστιν
661 1219 824 1310 ἄρχοντος
851 1228 999 1308 (ἐμποιεῖ
1020 1218 1126 1311 γιίρὸ

53 1333 155 1404 saido
188 1327 289 1416 ἅγιον
317 1324 357 1394 ad
388 1329 500 1400 καλῶς
531 1318 677 1394 ἔπεσθαι
704 1355 732 1394 ιι.
755 1357 783 1396 τ.
814 1334 866 1411 λ).
915 1331 995 1396 Mire
1016 1346 1071 1413 per
1093 1349 1130 1395 se

53 1437 224 1502 ohedientia
262 1435 449 1518 imperantis
477 1430 576 1500 'virtus
601 1436 738 1519 ponitur,
772 1458 838 1522 quae
859 1439 979 1504 videtur
999 1437 1130 1520 imperio

55 1543 173 1621 subditi,
179 1545 216 1607 et
226 1543 313 1609 mira
326 1542 422 1607 etiam
434 1541 595 1606 subiicitur
605 1543 695 1621 ratio,
708 1564 763 1608 cur
779 1545 984 1610 obedientiam
994 1544 1132 1625 impera·

55 1662 95 1715 tor
112 1650 270 1715 discat
318 1647 383 1714 Sed
403 1648 704 1732 argumentationem
727 1670 948 1734 supervacuam
969 1651 1045 1714 facit
1066 1668 1128 1712 una

56 1757 200 1840 patienia
236 1759 322 1840 μίν,
355 1755 493 1820 altanum
524 1757 696 1820 membrum
734 1756 903 1822 desiderari
943 1752 1131 1827 ostendens:

58 1861 228 1927 huiusmodi
259 1861 344 1926 enim
374 1860 435 1924 init
463 1861 617 1924 sententia
646 1863 678 1926 et
699 1864 794 1928 oratio
814 1861 987 1926 Plutarchi:
1031 1851 1126 1925 Ἀλλ’

59 1962 75 2049 r:
88 1967 280 2053 πειθαρχία
292 1961 450 2053 μάθημα
463 1971 529 2048 μέν
548 1973 640 2033 ἐστιν
662 1962 685 2034 α’
691 1994 709 2052 ρ
718 1989 762 2054 χο
769 1972 820 2051 με’
827 1992 902 2033 νου
908 2015 919 2043 ,
933 1954 980 2032 Ιιλί
989 1967 1036 2030 dc
1042 1991 1063 2051 y
1069 1991 1123 2048 μα

60 2066 278 2161 ίιὶρχοντος.
325 2071 516 2153 Idem(ham
534 2073 731 2139 inlatissime
750 2073 870 2158 patenti
885 2074 994 2138 erroris
1015 2088 1130 2155 genere

61 2190 85 2242 ιε
101 2181 139 2245 ad
160 2179 360 2246 sententiam
386 2177 530 2261 pergrari
558 2180 589 2245 et
610 2180 779 2262 saepissime
806 2180 927 2245 fallenti
954 2178 1052 2243 tribus
1074 2196 1127 2241 er·

61 2287 159 2368 amplis
181 2287 282 2350 nnius
310 2283 472 2366 scriptoris
494 2284 540 2348 uti
559 2285 672 2367 placet,
697 2289 799 2352 cetera
820 2286 895 2351 alibi
915 2284 1055 2369 ponenda
1077 2303 1130 2349 re·

60 2390 313 2475 inquere)‚idem
334 2389 431 2473 igitur
451 2389 492 2452 in
505 2390 569 2455 vita
580 2391 732 2456 Coriolani
744 2411 769 2457 c.
782 2396 801 2452 4
813 2412 882 2457 oum
905 2391 943 2455 de
966 2390 1131 2456 Coriolano

62 2516 170 2581 semper
189 2497 283 2562 novis
303 2496 377 2561 belli
388 2495 549 2560 decoribus
559 2497 660 2578 priora
672 2499 836 2580 superante
848 2499 880 2562 et
901 2497 938 2561 de
963 2499 1126 2579 imperato·

62 2604 131 2669 :ihm
152 2606 188 2670 in
214 2622 252 2667 oo
276 2602 412 2667 ornando
437 2602 623 2667 certantibus
635 2604 680 2667 sio
702 2604 891 2687 scripsisset:
936 2601 1054 2676 καινός
1070 2598 1123 2669 olel

63 2704 273 2793 Ιίααλιίμενος
309 2708 396 2773 εἶναι
431 2721 506 2780 ταῖς
541 2703 703 2793 πράξεσιν
740 2703 924 2793 α’ριοτείαις
954 2705 1127 2795 α’ριστείιις

64 2821 205 2900 markus
236 2817 294 2880 καί
324 2809 457 2899 λοίφυρα
490 2811 652 2901 λαφύροις
683 2819 823 2900 ἐπέφερε
853 2820 906 2881 καί
936 2830 1011 2888 τοῖς
1041 2841 1133 2900 προ-ψ

65 2928 158 3007 ripole
205 2917 262 2989 αἐλ
304 2916 384 2994 τούς
427 2915 589 3005 ὑστέρους
625 2916 800 3009 ἡγεμόνας
842 2923 907 3010 εἶχε
948 2928 1026 3008 περὶ
1066 2923 1128 3004 τῆς

64 3032 183 3096 ruiana·
229 3030 339 3112 τιμῆς
383 3030 556 3112 ἐρίζοντας
598 3032 654 3096 καί
698 3030 889 3114 μαρτυρίας
933 3019 1125 3095 οπουιλιί-

64 3146 203 3213 ζοντας
244 3137 515 3220 μαρτυρίαις
563 3130 824 3221 ὑπερβαλέσθαι
874 3138 927 3200 aut
971 3133 1126 3200 simillime

10 3208 12 3283 i
73 3277 104 3287 -
124 3263 199 3307 narn
225 3242 416 3326 ζητοῦντας
439 3241 597 3325 scripsisse
618 3244 721 3326 potest
737 3245 769 3308 et
783 3242 877 3308 verba
893 3242 936 3307 sic
954 3240 1131 3306 ordinasse:

67 3354 262 3434 μαρτυρίοις
288 3374 345 3414 οπ.
367 3348 559 3430 μαρτυρίας
581 3356 646 3427 -),
668 3349 790 3414 omissis
813 3349 929 3412 duabus
952 3345 1074 3408 vocibus
1097 3348 1128 3409 et

67 3458 207 3524 sententia
239 3457 413 3540 depravata
442 3456 491 3518 est
517 3455 627 3536 (neque
650 3455 731 3519 enirn
754 3455 792 3518 de
820 3450 1004 3518 testimoniis
1037 3468 1133 3533 supe·

66 3564 316 3630 :ndisunivorso
336 3561 453 3646 agitur)
476 3559 509 3623 et
530 3560 697 3637 structura:
720 3575 910 3639 nemusque
934 3549 1127 3639 ὑπερβαλέ-

10 3656 13 3725 ἶ
70 3680 143 3750 σοι,
166 3673 253 3738 nnde
276 3667 428 3754 pendeat,
449 3666 546 3731 habet
566 3683 663 3748 neque
686 3665 792 3731 Graece
814 3661 925 3726 dieitur
943 3661 1126 3749 ἐρίζωπερὶ

71 3776 194 3866 liupana
215 3779 328 3864 τιμῆς
353 3775 411 3841 καὶ
436 3767 697 3856 ὑπερβαλέσθαι
719 3767 918 3855 μαρτυρίας.
968 3769 1127 3837 Addamus

69 3904 123 3955 tuno
142 3887 321 3956 Plutarcho
347 3881 535 3963 scriptorem
556 3879 682 3944 maioris
705 3880 737 3942 et
758 3873 952 3957 antiquitatis
975 3877 1006 3939 et
1028 3876 1129 3961 digni-

68 3998 130 4073 ·an's,
163 3995 392 4065 Herodotum,
428 3986 517 4050 ouius
545 3985 647 4063 loeus,
680 3985 731 4067 qui
761 3983 808 4046 est
828 3982 860 4044 in
881 3978 958 4045 libro
981 3982 996 4045 I
1018 4000 1043 4045 o.
1068 3982 1131 4040 167·

67 4104 141 4171 arto.
172 4125 254 4192 quas
288 4096 436 4171 habeat,
476 4091 574 4174 qualis
602 4091 719 4165 editur,
752 4088 949 4153 difficultates
979 4103 1132 4172 quamque
