2580 4530
150 231 213 296 280
582 230 644 289 Lib.
660 231 698 287 ΙΙ.
724 292 730 301 „

45 516 48 521 Δ
208 433 253 497 Ex
287 431 340 497 iilo
373 431 524 498 δειπνεῖν
558 429 636 495 nihil
666 433 834 498 onamando
871 434 1062 510 extunditur3
1096 435 1166 499 scri-

109 538 244 605 bendum
270 539 409 621 suspicor
435 539 643 612 διυπνεῑν,
667 538 745 618 quod
768 540 960 606 intransitive
986 539 1108 605 dicatum
1134 540 1167 604 de

110 645 218 711 eadem
239 663 282 723 re,
304 644 413 728 doqua
434 643 531 709 active
542 642 623 725 apud
636 642 796 709 inferiores
809 645 960 728 reperitur
971 645 1167 726 διαπαίζειν.

109 753 147 816 In
168 749 343 816 huiusmodi
363 750 496 824 vocibus,
530 766 597 831 quas
619 765 636 811 e
658 766 797 814 sermone
811 751 987 833 quotidiano
1018 752 1057 817 de
1081 754 1168 818 rebus

109 855 286 921 domesticis
330 855 497 928 ducuntur,
544 871 605 917 non
651 855 781 934 possunt
823 874 928 922 severe
971 860 1169 924 auctoritates

110 961 235 1044 exquiri.
1073 952 1084 965 “

208 1067 277 1132 Ibd.
309 1066 367 1131 631
396 1064 485 1130 valde
514 1082 630 1142 vereor,
660 1066 695 1128 ut
723 1064 862 1130 Graecum
896 1068 939 1132 sit
971 1062 1071 1153 παριλ
1094 1096 1169 1135 τινα

109 1175 275 1240 τίθεσθαι
318 1166 513 1257 ὁμόφρονας
556 1161 685 1255 λόγους.
752 1171 894 1236 Fortasse
927 1173 1003 1238 ons:
1050 1170 1096 1259 ἢν
1129 1168 1170 1243 τό

110 1283 460 1366 παρατιθέμενος.

208 1386 275 1452 Ibd.
298 1383 394 1447 1128:

243 1499 360 1558 ἵππιον
379 1485 538 1556 ὑπόντων
560 1493 710 1574 μέγεθος
730 1485 813 1553 ὅσον
833 1483 852 1553 ό
874 1487 1017 1572 θούριος.

169 1646 173 1654 .
208 1597 279 1662 Non
307 1597 405 1669 rideo,
437 1615 497 1679 qua
529 1595 754 1661 constructione
776 1589 859 1661 ὅσον
887 1615 957 1661 cum
989 1592 1008 1662 ό
1036 1592 1171 1682 δούριος

111 1705 323 1788 coniungatur,
345 1701 599 1784 scribendumque
621 1719 730 1766 conseo

80 1865 83 1873 .
523 1886 525 1895 Ι
727 1862 730 1867 .
785 1803 1077 1893 ὅσοςόιλσόριος
1141 1818 1146 1823 “

109 1925 158 1998 (ea
178 1912 399 2000 magnitudine,
431 1915 562 1994 quantus
588 1914 707 1999 ligneus
736 1913 814 1992 fuit).
857 1915 923 1979 Neo
947 1916 1048 1980 minus
1077 1932 1170 2001 prave

109 2023 190 2107 apud
200 2022 363 2086 Platonem
377 2038 438 2102 rep.
457 2019 517 2083 VII
530 2041 559 2102 p.
575 2021 636 2084 534
650 2021 679 2085 A
696 2019 812 2086 editur:
836 2026 892 2085 ἵνα
909 2016 959 2104 μή
979 2016 1072 2106 ἡμᾶς
1086 2025 1169 2088 πολ-

74 2142 80 2153 ’
110 2127 308 2196 λαπλαοιύν
334 2116 442 2211 λόγων
469 2117 627 2209 ἐμπλήσῃ
654 2117 676 2208 η’
702 2120 797 2191 ὅσων
824 2118 856 2191 οἱ
889 2124 1170 2212 παρεληλυθότες

110 2235 269 2316 (oratione,
290 2231 389 2313 inquit
421 2229 649 2307 Stallbaumius,
682 2232 784 2312 paullo
812 2232 936 2298 liberius
967 2235 1170 2301 conformata:

111 2345 143 2406 oi
165 2330 442 2424 παρεληλυθότες
464 2327 558 2422 λόχοι
573 2329 681 2421 λόγων
693 2330 785 2420 ἡμᾶς
800 2341 1008 2422 ἐνέπλησαν).
1046 2339 1172 2407 Codices

110 2445 219 2530 optimi
257 2440 347 2508 ὅσον.
404 2441 603 2507 Scribonium
637 2437 660 2526 ἢ
692 2440 782 2509 όσοι
817 2449 848 2508 οἱ
882 2441 1171 2530 παρεληλυθότες.

111 2551 185 2637 (Qui
215 2549 430 2615 attractionem
457 2547 568 2630 fingat,
602 2550 680 2616 sciat
707 2550 820 2632 requiri
846 2551 913 2614 tum
943 2552 1055 2617 saltem
1083 2550 1172 2620 ὅσον

111 2658 178 2722 τῶν
201 2646 514 2739 παρεληλυθότων.)

207 2761 344 2846 Lysistr.
377 2781 404 2827 v.
436 2761 493 2823 158
527 2759 674 2826 Galonioae
705 2762 927 2828 continuandus
959 2782 1024 2828 rem
1058 2765 1172 2830 foedam

111 2869 321 2955 significanti;‘
334 2867 513 2951 Lysistmtae
534 2885 714 2948 responsum
730 2869 1038 2944 contineturr.159;
1063 2871 1172 2936 deinde

110 2996 140 3041 v.
160 2976 224 3038 160
246 2973 386 3039 Calonice
407 2992 517 3040 novam
538 2973 691 3057 significat
711 2993 787 3051 rem,
811 2994 878 3058 quae
899 2976 966 3041 fieri
987 2976 1092 3058 possit.

209 3081 276 3146 Ibd.
300 3080 361 3142 723
382 3100 448 3164 sqq.
786 3150 788 3154 ,

513 3181 578 3267 την
600 3179 630 3252 δ’
652 3187 708 3251 ἐπὶ
730 3182 906 3270 στρσόθου
927 3191 1012 3271 μίαν

244 3288 310 3375 ἤδη
335 3294 499 3356 πέτεσθαι
524 3293 773 3379 διανοουμένην
796 3289 883 3359 udan

246 3403 295 3472 εἰς
315 3390 515 3483 Ὀρσιλόχου
535 3402 618 3485 χθὲς
639 3399 707 3464 τῶν
728 3400 849 3484 τριχῶν
872 3402 1073 3465 κατέσπασα.

212 3506 346 3570 Pravum
376 3507 458 3590 χθές
481 3494 548 3581 est;
582 3522 655 3569 nam
690 3524 788 3586 noque
818 3505 851 3568 in
882 3505 991 3569 ceteris
1023 3505 1171 3569 membris

111 3611 233 3693 tempus
255 3611 446 3694 significatur
467 3613 499 3675 et
519 3615 660 3676 narratur
680 3629 731 3676 res
751 3628 814 3674 non
835 3609 910 3686 heri,
933 3610 986 3673 sed
1007 3609 1063 3673 hoc
1085 3629 1171 3692 paene

112 3715 179 3797 ipso
201 3719 348 3801 temporis
371 3719 527 3783 momento
551 3720 630 3783 acta.
673 3714 801 3798 Scripsit
821 3714 1057 3797 Aristophanes:

204 3827 253 3894 εἰς
276 3816 477 3910 Ὀρσιλόχου
502 3817 589 3908 φθό
597 3849 642 3889 σα
667 3821 734 3886 τῶν
756 3821 877 3905 τριχῶν
901 3824 1104 3886 κατέσπασα.
1128 3880 1132 3891 ,

213 3928 280 3994 Ibd.
305 3933 398 3993 1124:
