2580 4530
222 283 263 346 38
656 285 714 342 Lib.
734 288 756 341 1.
813 346 816 352 ¹

174 485 260 552 serbi
281 485 376 552 medii
397 505 473 552 usus
494 480 726 572 κατελάβοντο
738 487 774 569 ¹).
791 526 794 533 ·
818 488 866 553 Ne
890 488 968 553 illud
989 488 1129 571 quidem,
1157 491 1238 572 quod

175 591 257 674 apud
290 593 449 658 Platonem
470 594 503 658 in
531 593 661 660 Polilico
693 613 723 676 p.
756 594 816 655 309
848 595 875 658 Β
904 594 1048 664 scribitur
1078 587 1237 678 κροκώδει

176 692 370 782 δωρήματα,
392 701 539 765 vocabulo
560 700 594 764 ei
615 699 761 766 inusilclo
780 701 885 784 (nemo
909 701 991 765 enim
1007 719 1063 766 nec
1085 693 1239 786 διάνημα

174 824 231 870 nec
254 804 435 890 διανήθειν
457 806 543 883 dinc,
566 824 625 869 non
647 807 747 891 magis
769 797 861 890 quam
880 806 988 871 Latine
1009 807 1184 890 paruere)
1207 812 1239 873 et

174 913 279 994 inepto
301 913 340 1003 cd
361 933 427 978 rem
453 914 568 998 (agitm
590 913 672 979 enim
693 914 874 996 simpliciter
895 913 932 976 de
953 912 1037 995 filo),
1064 914 1160 978 aliam
1181 915 1238 980 ha·

174 1019 243 1085 buit
263 1019 431 1103 originem3
457 1020 510 1085 δια
534 1020 617 1084 enim
636 1039 671 1084 ex
687 1019 736 1084 dec
754 1023 861 1084 natum
881 1020 952 1085 esi..
984 1019 1238 1103 ELaiinisapud

176 1125 354 1192 Ciceronem
375 1128 407 1191 in
429 1126 568 1191 eratione
589 1125 621 1188 ΙΙ
643 1125 680 1189 de
702 1125 761 1210 leg.
780 1143 845 1208 agr.
856 1125 907 1203 33,
930 1126 1238 1210 cumabipsoscdp-

173 1233 350 1297 humasset:
372 1232 537 1297 iu-finiia
558 1232 1051 1314 poteslasinnumerabilis
1068 1233 1237 1313 pecuniae

176 1338 426 1412 conficiendae
459 1338 603 1404 vestris
639 1337 905 1421 vectigalibus
941 1356 1012 1402 non
1043 1336 1238 1414 fruendis,

174 1445 242 1514 sed
268 1443 498 1520 alienandis,
531 1444 714 1526 geminando
743 1445 884 1508 effectum
916 1445 964 1508 est
991 1441 1237 1509 conficiendae

174 1550 217 1615 de
234 1549 321 1632 (nam
331 1569 413 1633 saepe
429 1549 672 1614 conficiende
694 1550 914 1633 scribebatur);
937 1550 1066 1631 pecunia
1080 1549 1237 1614 conficitur

173 1655 307 1725 fruendis
340 1656 560 1741 vectigalibus,
595 1675 654 1720 non
690 1657 728 1721 de
759 1656 905 1720 fruendis.
954 1654 1047 1737 Apud
1078 1656 1237 1721 Valerium

173 1763 256 1827 Max.
282 1762 336 1839 W,
365 1761 394 1839 6,
425 1763 441 1823 l
467 1763 582 1827 editur:
626 1763 680 1828 Ti.
704 1762 901 1828 Gracchus
923 1761 1113 1846 anguibus
1137 1761 1237 1827 domi

174 1889 247 1935 suae
276 1888 377 1933 mare
406 1888 447 1933 cc
467 1869 609 1934 femina
632 1867 902 1951 adprehensis,
936 1868 1046 1933 vitioso
1075 1867 1237 1949 participio

174 1977 351 2059 (-saliem
374 1976 659 2057 comprehensis
683 1975 845 2041 dicendum
863 1977 933 2039 arai
955 1974 1023 2057 -);
1057 1973 1112 2037 sed
1132 1972 1165 2037 id
1187 1993 1236 2038 or·

172 2086 241 2147 ium
257 2085 306 2147 est
323 2098 359 2146 ex
375 2081 628 2163 deprehensis
645 2082 751 2146 litiera
768 2099 797 2159 a,
813 2100 879 2164 quae
894 2077 1048 2162 praecedit,
1070 2079 1237 2163 geminata,

173 2190 241 2251 tum
271 2207 307 2252 er
336 2187 614 2268 adeprehensis
645 2187 765 2252 sublaco
792 2186 852 2268 εἳ).
902 2187 938 2251 In
967 2186 1139 2268 fragmento
1167 2203 1236 2250 ora·

172 2292 266 2356 lionis
288 2291 439 2373 Scipionis
461 2292 598 2356 Africani
621 2291 701 2375 apud
724 2290 1035 2373 GefflumV1(V11)‚
1060 2291 1108 2368 11,
1132 2289 1161 2369 9,
1184 2291 1236 2355 uhi

72 2398 81 2411 ‘
173 2397 382 2461 adversarium
403 2398 490 2462 iubet
510 2398 587 2462 vitia
608 2398 728 2464 obiecta
749 2397 913 2478 sponsione
935 2397 1099 2471 defendere
1110 2398 1142 2462 ei
1158 2396 1236 2461 folsc

173 2519 239 2566 esse
265 2502 459 2580 convincere,
481 2504 525 2567 sic
547 2504 704 2569 scribilur:
749 2502 831 2566 Non
851 2503 907 2567 vis
931 2503 1146 2586 nequitiam
1167 2503 1236 2586 (de-

171 2606 321 2684 fendere);
334 2610 617 2692 agemelitiam
633 2610 772 2674 saliem
784 2608 976 2674 defendes.
999 2608 1038 2674 Si
1053 2610 1093 2673 fu
1107 2609 1235 2674 verbis

173 2714 369 2796 conceptis
388 2715 446 2779 cei.
491 2715 533 2779 ht
550 2735 605 2798 per
619 2735 652 2781 sc
672 2735 765 2797 prave
785 2717 818 2780 in
833 2715 1012 2781 huiusmodi
1021 2715 1235 2798 provocatione

171 2817 309 2882 iirturum
338 2821 462 2902 ponitur
486 2823 522 2887 et
548 2824 672 2904 propfer
698 2840 780 2906 age3
816 2822 936 2897 sublato
959 2821 1056 2886 allero
1079 2839 1095 2886 s
1116 2823 1236 2886 rectum

173 2924 245 2988 eiii:
279 2943 359 3008 age,
381 2928 573 2992 malitiam
596 2929 734 2993 saliem
757 2927 929 2993 defende.
972 2926 1065 3009 Apud
1087 2925 1235 2991 Senecam

171 3109 366 3118 mn...

191 3242 215 3308 ¹)
242 3241 342 3298 Contra
355 3243 426 3314 apud
436 3243 611 3300 Plutarchum
622 3247 651 3301 in
670 3247 727 3301 viia
739 3245 877 3303 Ciceronis
890 3263 912 3301 c.
923 3251 940 3303 4
951 3246 1034 3302 semel
1046 3247 1152 3316 scripio,
1163 3249 1236 3318 quod

241 3336 431 3405 geminandum
458 3340 529 3402 erat,
557 3359 589 3395 το
612 3342 707 3394 natum
735 3343 776 3395 est
798 3341 916 3395 achivum
947 3340 1057 3394 verbum
1073 3356 1127 3395 non
1145 3343 1235 3398 minus

241 3429 369 3507 viliorum
396 3446 444 3511 pro
471 3430 572 3485 medio:
611 3429 702 3503 ὥσπερ
722 3430 841 3503 ὄργανον
861 3429 975 3503 ἐξήρτυε
995 3436 1054 3501 (scr.
1075 3433 1233 3507 ἐξηρτύετο)

240 3521 290 3582 τὸν
309 3520 455 3592 ῥητορικὸν
473 3522 561 3593 λόγον.
600 3523 670 3579 Nam
688 3524 720 3579 de
729 3526 917 3590 monumento,
934 3542 986 3595 quo
999 3526 1059 3594 quis
1068 3528 1233 3599 accingatur,

240 3615 349 3695 iunium
368 3613 552 3685 ἐξαρτύεσθαι
570 3615 632 3682 dici,
653 3619 784 3682 ostendii,
802 3620 825 3674 si
841 3635 908 3688 opus
927 3622 976 3683 est,
997 3619 1054 3688 ipse
1072 3618 1234 3677 Plutarchus

238 3705 314 3762 Brut.
334 3724 354 3762 c.
374 3712 417 3774 28,
437 3709 532 3766 Parioi
550 3727 571 3768 c.
590 3713 615 3774 8,
635 3709 667 3765 dc
684 3711 787 3768 solleri.
799 3713 888 3767 'enim
905 3714 947 3777 19,
966 3715 992 3769 8.

185 3808 213 3879 ²)
240 3809 341 3866 eontra
362 3814 434 3883 apud
458 3815 583 3870 Senecam
605 3812 658 3871 ah.
682 3832 708 3885 p.
729 3820 764 3872 95
784 3818 839 3887 (80)
859 3817 968 3872 acutula
985 3819 1118 3873 sentencia
1137 3835 1150 3872 e
1168 3834 1232 3873 con-

239 3905 332 3958 trariis
360 3907 501 3962 membris:
541 3908 702 3962 Damnata
732 3907 867 3964 deiecta
890 3912 944 3965 cst
968 3911 1081 3978 (inceste
1099 3911 1132 3965 de
1151 3913 1235 3975 saxo),

239 3997 399 4053 absoluta
421 3999 603 4056 adscendit
624 4002 749 4071 corrupte
770 4005 812 4056 est
835 4003 918 4056 semel
941 4003 1041 4073 scripio
1063 4018 1089 4069 a,
1107 4006 1166 4058 cum
1184 4002 1233 4057 ed·

238 4087 295 4144 dito
315 4103 342 4162 e,-
357 4093 389 4145 ut
406 4095 477 4152 esset
495 4091 680 4151 descendit.
