2626 4530
533 247 593 305 Lib.
612 247 661 302 Π.
1021 245 1081 309 505

68 448 201 530 pendeat
221 447 271 514 hio
291 465 408 531 quoque
418 446 575 532 genetivus
596 464 615 511 a
635 442 843 520 κατασκευάς
865 447 908 530 (ιι
928 446 960 508 in
981 444 1124 531 σιμιλε-ια

62 554 239 637 pyramides
273 553 385 616 multas
416 555 625 638 ιπσγιισερυι).
677 550 738 617 Sed
767 553 864 618 restat
895 550 988 617 aliud.
1041 551 1124 617 Nam
1162 615 1196 663 s:

27 726 36 743 ‚
69 659 191 724 initium
213 659 303 727 huius
326 659 486 726 sententiae
509 663 557 738 (ἐν
580 657 615 723 δὲ
635 671 709 733 ταῖς
731 652 883 725 ἐλοίττοοι
912 649 1064 732 πόλεσιν,
1087 661 1123 720 ἐν
1184 644 1204 679 's'

68 761 121 838 αἷς
141 758 164 850 ῆ
185 767 252 831 τῶν
272 757 503 852 Ἀγυριναίων
520 771 797 848 καταριθμεῖται,
818 763 1031 848 μετασχοῦσα
1056 811 1063 829 .
1087 810 1122 828 ..

68 865 302 949 κατεσκεύασε)
325 871 553 955 ineptissimum
580 871 637 936 est.
680 868 891 934 Soribendum:
925 875 962 935 ἐν
995 870 1031 944 δὲ,
1049 883 1124 943 ταῖς

66 972 222 1045 ε’λιίττόσι
250 972 391 1044 πόλεσιν
414 969 566 1049 πολλιί,
600 980 636 1041 ἐν
666 968 762 1059 αῖςῆ
794 975 861 1040 τών
883 968 1122 1062 Ἀγυριναίων,

66 1085 278 1171 μετασχοῦσα
311 1083 372 1167 τῆς
409 1077 485 1148 τότε
519 1081 736 1167 κληρουχίας,
770 1131 777 1145 .
805 1130 812 1145 .
853 1128 861 1144 .
900 1077 1122 1148 κατεσκεύασε

69 1216 96 1256 κ.
119 1217 149 1256 τ.
180 1194 210 1255 λ.
265 1189 416 1255 Redditur
449 1189 508 1254 hoc
536 1189 597 1252 illi:
626 1193 663 1253 ἐν
692 1191 756 1272 μὲν
786 1200 859 1260 ταῖς
893 1185 1122 1273 Συρακούσαις

66 1298 201 1363 breviter
222 1299 254 1362 et
273 1296 424 1373 universe,
445 1313 505 1360 uno
525 1295 622 1378 posito
643 1295 761 1379 plenius
783 1295 928 1378 exemplo.
1004 1298 1030 1353 κ

164 1402 231 1468 Ibd.
275 1404 328 1465 84:
374 1401 544 1475 Φίλιππος
579 1398 597 1467 ὁ
632 1388 794 1487 βασιλεύς
832 1397 912 1476 τούς
944 1401 1123 1474 πλείστους

65 1509 132 1572 τῶν
154 1503 328 1591 Ἑλλήνων
351 1511 401 1580 εἰς
423 1507 539 1591 φιλίαν
561 1510 785 1592 προηγμένος.
831 1507 912 1574 Son:
937 1533 1123 1594 προσῆγ-

22 1613 26 1620 ’
66 1618 199 1698 με’νος.
248 1616 318 1682 Vid.
350 1634 377 1680 v.
409 1634 435 1680 c.
467 1613 566 1692 XVII,
593 1619 629 1676 4:
662 1620 696 1687 ἐς
732 1609 795 1698 τῆν
829 1609 954 1699 ὁμοίαν
983 1611 1123 1681 εύνοιαν

65 1715 379 1809 προσαγαγόμενος.
414 1712 566 1805 Προάγει
579 1726 650 1799 (non
662 1715 861 1806 προάγεται)
874 1727 907 1794 ἐς
922 1721 1040 1806 φιλίαν
1059 1739 1121 1800 rex,

68 1849 160 1913 quem
183 1849 218 1895 ex
239 1828 379 1894 inferiore
401 1827 467 1890 Ιοοο
488 1826 568 1891 inter
589 1827 704 1891 amicos
724 1826 835 1891 evehit.
880 1850 931 1901 -·t-.

165 1936 232 2001 Lib.
263 1934 369 2012 XVH,
403 1934 421 1994 7
454 1932 578 1997 confusa
609 1932 749 2015 quaedam
784 1950 850 1996 esse
872 1926 1017 2015 ορραιελς
1050 1952 1121 1998 nam

59 2049 188 2125 propter
221 2049 376 2102 ventorum
409 2037 657 2122 tranquillitatem
698 2039 844 2104 verticem
878 2039 991 2104 monssis
1027 2060 1122 2123 ευμνα

64 2154 220 2208 ventorum
252 2143 367 2229 flatum
408 2144 555 2223 eminere,
600 2163 639 2209 σε
675 2143 829 2210 Diodorus
865 2144 988 2227 quidem
1020 2143 1122 2210 dicere

63 2251 196 2335 poterat.
242 2250 357 2317 Βασίλαι
381 2243 433 2316 ἐπ’
458 2248 563 2335 οίκρας
590 2252 652 2334 τῆς
678 2251 828 2337 κορυφῆς
850 2246 904 2317 δαί
934 2244 999 2335 τῆν
1021 2275 1124 2334 νηνε-

64 2357 150 2442 μίαν
171 2358 234 2423 τού
255 2359 466 2442 περιὲχοντος
487 2351 584 2442 α’ἐρος
599 2358 652 2440 (-
674 2351 850 2443 ύπερπετῆ
870 2352 947 2444 γοίρ
962 2356 1120 2443 γίνεσθαι

64 2458 130 2549 τῆν
161 2461 269 2547 σ’ίκραν
299 2464 360 2552 τῆς
387 2464 455 2529 τῶν
489 2456 625 2547 αὐίμοιν
653 2464 763 2548 πνοῆς
796 2465 849 2548 -)
877 2459 1025 2549 ὁρᾶσθαι
1062 2458 1122 2528 τόν

62 2565 162 2654 ῆλιον
199 2576 247 2635 ε”τι
285 2557 407 2641 νυκτός
439 2566 541 2654 ούσῆς
573 2563 809 2639 οἷνατέλλσντα.
868 2572 990 2655 (Vulgo:
1024 2563 1122 2653 οἷὲρσς

62 2670 238 2760 ὑπερπετῆ
267 2677 427 2762 γίνεσθαι
459 2725 467 2740 .
491 2726 499 2742 .
528 2726 535 2740 .
564 2677 691 2759 πνοῆς,
717 2671 865 2762 ὁρᾶσθαι
894 2679 927 2744 δὲ
954 2673 1016 2744 τόν
1042 2673 1119 2760 ῆλ.).

63 2781 164 2848 Causa
194 2783 337 2863 affertur‚
366 2801 419 2846 σοι
453 2783 484 2846 in
525 2783 640 2847 vertice
680 2785 825 2868 νηνεμία
866 2784 916 2849 sit.
976 2784 1120 2848 Extremo

62 2887 163 2969 capite
184 2887 217 2951 in
237 2891 302 2973 μέν
322 2889 393 2971 post
414 2880 553 2960 Κάλλας
575 2889 693 2953 numen‘
713 2891 785 2953 noba
806 2888 904 2954 latere
925 2888 1011 2955 videt
1048 2939 1055 2954 .

162 2992 229 3058 Ibd.
260 2994 315 3058 20:
356 2989 438 3058 ὥστε
466 2988 503 3058 τύ
546 2997 611 3077 μὲν
649 2986 771 3078 κρύνος
812 2987 1000 3071 διαπτύξαι.
1054 2996 1121 3058 Hoc

61 3099 246 3179 corruptum.
288 3099 372 3164 Num
397 3099 640 3182 διαρρῆξαιλ

162 3203 228 3268 lbd.
275 3205 329 3269 27:
376 3200 395 3271 ὁ
436 3207 593 3278 κίνδυνος
636 3205 872 3288 παλίντροπον
909 3201 973 3289 τῆν
1004 3199 1118 3290 μα’χῆν

61 3317 166 3395 ε’ὀχεν.
211 3310 322 3376 Scrib.:
348 3306 412 3395 τῆν
435 3307 569 3395 ῥοπῆν
592 3319 694 3398 ἔσχεν.
728 3306 785 3391 (Ὁ
805 3312 962 3384 κίνδυνος
983 3312 1050 3394 ipsa
1070 3312 1119 3378 est

59 3410 176 3501 adm)
557 3477 560 3481 ,

160 3521 227 3587 Ibd.
252 3520 292 3584 29
318 3524 392 3592 extr,
419 3523 471 3601 (30
502 3524 597 3601 init.):
631 3519 895 3608 μεταθήσεσθαι
917 3516 980 3588 τύν
1001 3519 1115 3590 ποίντα

59 3625 215 3712 πόλεμον
267 3633 302 3693 ἐκ
354 3629 414 3713 τῆς
468 3623 588 3703 Ἀσίας
635 3635 684 3704 εἰς
729 3625 794 3716 τῆν
841 3622 1017 3716 Ιιύρύπῆν
1063 3650 1117 3714 pro

56 3728 273 3818 μεταθῆοειν
300 3753 360 3798 non
391 3734 551 3801 ferendum
586 3757 640 3802 nec
672 3737 794 3803 omnino
822 3741 1047 3822 μετατιθέναι
1083 3738 1115 3802 in

56 3841 117 3906 hac
135 3859 168 3905 re
189 3860 243 3922 pro
263 3835 518 3925 μεταβιβάζων.
563 3841 676 3909 Scrib.:
698 3840 1032 3926 μεταβήσεσθαι.

158 3946 225 4012 lbd.
260 3946 318 4010 33:
359 3943 598 4014 ἐταλαντεύετο
635 3942 700 4035 γοίρ
734 3948 832 4032 ιλεύρο
864 3948 917 4013 καί
946 3953 1051 4015 ἐκεῖσε
1079 3943 1115 4034 (ῆ

56 4045 162 4138 μοίχῆ)
184 4053 244 4138 τῆς
265 4055 398 4139 τροπῆς
420 4049 560 4130 ἐναλλιίξ
581 4058 773 4140 γενομένης.
813 4053 909 4119 Nulla
930 4057 998 4121 erat
1017 4055 1116 4121 adhuc
