2580 4530
537 258 597 314 Lib.
615 259 664 315 IV.
1028 262 1088 325 565

165 457 232 524 Ibd.
254 457 315 522 838
341 460 415 524 extr.
445 458 491 535 (3,
513 457 582 541 23):
619 464 713 545 μέχρι
745 464 812 543 μὲν
838 458 983 529 σταδίων
1009 457 1132 529 suardo

59 566 119 630 καὶ
147 559 374 650 deodooqro'poc
404 566 495 632 lucto
526 561 560 648 ἦ
580 566 644 649 γῆ,
677 568 774 652 μέχρι
807 561 837 633 d’
867 566 979 634 ἄλλων
1009 566 1131 637 ἑκατόν

62 671 239 754 σπείρεται
258 664 387 755 μόνον,
416 666 637 756 ὄρυζότροφεῑ
663 667 693 738 δ’
713 668 735 756 ἦ
757 674 802 759 γῆ
825 673 880 739 διά
903 670 965 740 cdo
985 669 1128 762 αὐχμόν.

60 778 192 843 Addunt
213 772 275 844 οὐκ
303 771 378 856 (οὐκ
401 771 642 864 ὄρυζοτροφεῦ.
696 778 758 844 Sed
778 768 923 863 quidhio
943 780 1004 846 loci
1023 764 1129 868 oryzae,

55 883 151 967 qnasi
171 883 255 949 intra
276 889 401 950 centum
422 886 523 970 prima
542 884 643 949 stada
659 903 748 968 oryza
770 903 906 951 crescere
928 887 1011 951 dicta
1033 888 1129 953 sitae

61 1009 124 1055 non
158 985 595 1075 cherestosdopoplpoelr
646 988 758 1055 Scrib:
793 984 841 1056 οὐ
876 989 1129 1076 ῥιζστρὸφεῑ,

59 1095 180 1158 cadmea
201 1096 347 1159 arboream
367 1118 429 1159 non
451 1095 521 1172 alit3
550 1096 655 1179 itaquo
682 1090 846 1180 ἄδενδρός
862 1086 953 1164 ἱἐστι.
999 1098 1129 1166 Novitas

54 1202 238 1286 composita
259 1203 342 1267 uocis
365 1202 541 1268 huiusmodi
561 1203 638 1267 nihil
659 1202 753 1268 habet
773 1203 993 1272 admirationis.

420 1550 426 1563 ’
448 1558 452 1563 ’
509 1538 592 1622 Cap.
616 1540 685 1604 III.
811 1526 815 1537 ’

459 1691 618 1775 ‘prumam
635 1692 707 1750 aas.

161 1828 321 1894 Plutarchi
342 1829 423 1894 vitas
446 1829 508 1914 legi
536 1832 725 1914 postremum
747 1831 955 1896 Romanorum
976 1850 1005 1909 a.
1034 1831 1123 1910 1865,

58 1933 239 2002 Graeoorum
260 1954 289 1999 a.
312 1933 394 1997 1866
418 1937 571 2018 (separavi
593 1937 685 2010 enim,
708 1935 748 2000 ad
768 1928 929 2019 utriusque
951 1937 1054 2019 populi
1075 1956 1136 2002 res.

53 2041 165 2106 animo
175 2041 316 2129 intento),
337 2041 446 2106 harum
461 2043 646 2126 scripturam
661 2041 838 2126 diligentius
854 2041 989 2125 erigens.
1023 2041 1126 2124 (6010-Ι

54 2166 141 2221 nem,
165 2146 324 2222 Periclem,
347 2146 467 2212 Niciam
492 2166 590 2230 nuper
603 2147 715 2212 scholis
730 2147 922 2220 retractari.)
963 2146 1126 2214 Codicibus

60 2272 169 2318 aarum
190 2253 314 2317 utimur*
327 2254 439 2336 praeter
460 2253 774 2338 sangermanensem,
807 2253 859 2335 qui
880 2251 931 2317 rix
951 2251 1024 2316 XIV
1045 2252 1126 2319 vitas

59 2359 207 2436 continet,
231 2360 263 2423 et
280 2358 467 2436 Palatinum,
489 2361 542 2443 qui
564 2378 685 2437 novem,
707 2360 828 2442 septem
850 2357 982 2434 easdem,
1005 2378 1072 2442 quae
1093 2359 1125 2424 in

59 2463 320 2548 Sangermanensi
352 2467 441 2540 sunt,
474 2465 648 2530 recentibus
685 2471 755 2543 (uno
782 2463 923 2530 Parisino
952 2480 1016 2529 'sec
1046 2462 1123 2529 XIII

53 2569 221 2648 ·extremi);
249 2588 341 2652 quam
369 2568 507 2633 addendo
529 2571 734 2637 communiter
754 2571 920 2653 corruptis,
947 2566 1125 2647 valeriis,

58 2695 128 2759 quae
161 2693 253 2756 supra
285 2694 316 2756 p.
346 2675 387 2737 85
423 2693 488 2758 sqq.
522 2676 627 2757 posui,
660 2677 807 2761 exemplis
838 2676 978 2761 intellegi
1008 2677 1124 2759 potest;

58 2782 265 2863 superadditae
298 2780 451 2845 scribendi
486 2783 638 2846 erroribus
675 2781 919 2864 interpolationis
947 2780 1125 2863 exemplum

58 2886 327 2970 simplicissimum
351 2887 432 2950 sumi
453 2889 556 2968 potest
576 2883 839 2970 ePelopid.c.20,
861 2889 923 2964 ubi,
947 2887 998 2952 der
1017 2886 1050 2950 in
1071 2881 1125 2951 αἐί

57 2993 200 3069 mutate,
232 2993 387 3057 adiectum
415 2993 464 3056 est
483 2986 560 3077 χρή,
595 2992 778 3056 obhtteratae
810 2992 903 3058 altius
934 2993 1073 3078 veritatis
1106 3012 1126 3058 e

56 3099 128 3163 loco
148 3099 180 3162 in
203 3098 350 3163 Phocion.
369 3115 395 3161 c.
419 3098 437 3157 ⁶2
460 3100 498 3163 ab
520 3098 662 3179 Ilmperio
685 3098 807 3181 egregie
822 3097 995 3172 emendato,
1018 3117 1125 3163 serva·

56 3208 164 3270 torum
184 3194 216 3268 in
237 3205 342 3288 gravis
366 3204 470 3269 mendi
495 3203 611 3287 specie,
644 3204 671 3268 si
695 3202 793 3267 aciem
814 3203 972 3278 intendas,
994 3204 1125 3288 vestign'·

52 3329 148 3375 orum
169 3310 244 3374 recti
266 3309 448 3392 ePelopidae
471 3309 536 3374 loco
558 3309 590 3373 in
603 3327 629 3372 ee
643 3309 694 3382 23,
717 3328 809 3392 quem
829 3330 858 3393 p.
871 3310 911 3373 98
923 3327 969 3392 sq.
982 3311 1123 3375 hantad.

55 3415 140 3480 Usus
179 3433 266 3479 eram
301 3415 377 3480 edm
403 3415 548 3480 Sehaeferi
581 3416 720 3498 exemplo
752 3415 847 3497 (hips.
871 3414 982 3492 1826),
1017 3419 1124 3498 postea
1187 3428 1190 3433 '

56 3519 216 3585 Sintenisii
237 3524 359 3598 maiore,
383 3521 565 3604 apparatum
580 3520 721 3585 criticum
743 3520 925 3601 continenti,
946 3521 1124 3605 minoreque

56 3625 154 3709 (apud
176 3624 373 3692 Peubnerum
402 3627 509 3704 1663),
536 3627 568 3690 in
596 3645 654 3710 quo
674 3646 694 3691 a
716 3638 811 3708 prava
837 3624 1020 3691 mendorum
1041 3628 1123 3708 pati·

56 3731 142 3796 entia
185 3714 422 3816 defensioneque
458 3732 498 3796 ad
535 3744 617 3797 sanae
660 3733 771 3797 rationi
807 3730 975 3814 parendum
1013 3732 1046 3796 et
1083 3732 1122 3796 ad

54 3836 219 3920 Xylandri,
240 3837 366 3912 ReIskii,
389 3837 494 3907 Corais
508 3838 640 3903 inventis
664 3837 814 3902 nundum
830 3855 1008 3920 progressus
1022 3837 1123 3901 factm

54 3945 105 4008 est
126 3962 190 4008 non
212 3943 354 4026 exiguum
389 3942 515 4007 adhibui
537 3945 631 4008 etiam
652 3944 838 4023 Bellorum,
859 3942 912 4026 qui
933 3961 992 4007 non
1014 3960 1122 4025 pauca,

48 4069 123 4133 -quae
144 4049 299 4114 sermonis
320 4048 422 4132 legem
450 4048 626 4126 violabant,
656 4049 786 4128 aliorum
807 4067 923 4132 suaque
946 4048 1124 4117 comestura
