2580 4530
212 255 271 319 586
637 252 699 309 Lib.
717 252 764 308 IV.

169 454 353 538 Παμμένη.
395 452 530 517 Mutavit
551 450 703 525 librarius,
725 453 804 534 qued
826 454 858 518 in
874 453 1090 536 superioribus
1111 474 1232 520 aecusa-

166 560 224 627 tivi
257 559 451 643 precedunt,
487 562 656 642 sequuntur
687 558 881 636 nominativi3
917 560 973 624 sed
994 560 1231 626 Plutarchusin

169 665 286 733 (luobus
313 666 455 731 extremis
483 664 631 730 membris
658 664 797 730 ordinem
818 665 955 731 invertit.
1010 666 1048 731 In
1076 667 1176 732 libelli
1197 667 1230 732 de

167 770 246 837 faeie
267 771 300 836 in
323 772 395 837 erbe
410 773 490 837 lunae
502 790 528 835 ο.
543 772 570 845 6,
594 771 613 833 3
635 771 719 836 rente
731 770 984 854 Wyttenbaehins
1007 763 1231 859 Ἀρίσταρχον

169 925 210 944 ..
235 924 242 939 .
269 872 455 964 Κλεάνθης
477 897 547 962 pru:
574 867 794 963 Ἀρίσταρχος
816 869 996 961 Κλεάνθη.

267 985 335 1051 Ibd.
361 987 415 1048 22:
451 986 505 1049 καὶ
534 978 684 1060 άξιοὺσιν
711 984 795 1066 (τοῖς
824 983 1063 1068 Ταραντίνοις)
1086 979 1109 1068 ἢ
1133 986 1230 1067 παρέ·

167 1112 238 1177 χειν
266 1085 316 1176 ἐφ’
350 1087 399 1168 οἷς
432 1079 511 1176 ἧκε,
548 1091 839 1183 συμπολεμοῦντα
866 1085 1075 1173 Ῥωμαίοις,
1111 1084 1134 1175 ἢ
1169 1084 1229 1174 τήν

168 1191 278 1284 χάραν
295 1200 486 1282 προέμενον
500 1189 614 1261 αὐτῶν
629 1190 814 1263 οἷπολιπεῖν
830 1193 894 1281 τήν
913 1190 1016 1263 πόλιν
1031 1202 1112 1262 οἵοιν
1128 1199 1229 1281 παρέ-

169 1307 266 1391 λαβε,
289 1305 397 1388 repelle
420 1305 562 1374 ἐπιεικὲς
584 1296 860 1388 α’ποτρινοίμσνος
883 1329 911 1370 ιι.
925 1329 953 1368 τ.
966 1306 995 1369 λ.
1034 1303 1080 1368 Ut
1095 1303 1227 1389 Pyrrhus

168 1425 240 1486 τοῖς
259 1405 446 1495 Ῥωμαίοις
470 1410 718 1493 σσμτολεμοίη,
746 1410 903 1476 Tarentini
933 1410 1226 1497 nonpestulabant3

167 1517 199 1582 id
221 1517 303 1582 enim
326 1515 407 1598 apud
430 1514 550 1580 Graeees
572 1535 667 1580 nnnm
684 1517 855 1601 signifieat,
877 1515 1035 1580 Romanos
1067 1515 1146 1579 bello
1176 1515 1228 1577 art·

166 1623 270 1685 ίυυστο
296 1630 401 1683 eontra
428 1619 519 1694 alios,
556 1641 722 1705 nunquam,
754 1645 823 1685 eum
856 1621 925 1684 aliis
948 1631 1050 1684 eontra
1071 1621 1228 1686 Romanos

168 1727 276 1791 bellum
297 1748 407 1812 perere.
458 1726 658 1793 scribendum
681 1730 743 1794 est:
772 1723 988 1815 ἧπαρέχσιν,
1011 1721 1062 1812 ἐφ’
1085 1725 1138 1802 οἷς
1159 1717 1227 1813 ἧκε,

168 1834 475 1918 συμπολεμοῦντα,
507 1826 779 1918 ἢῬωμαίοις
809 1830 873 1921 τήν
894 1829 1005 1922 χώραν
1035 1838 1227 1919 προέμενον

166 1935 280 2007 αὐτῶν
302 1941 378 2024 (aut,
400 1941 427 2005 si
441 1939 588 2005 Romanis
613 1959 721 2024 agrum
743 1960 847 2008 eorum
868 1942 1077 2027 populandum
1098 1941 1228 2025 permit-

166 2050 270 2126 teret).
306 2047 541 2129 Transpositum
563 2049 610 2112 est
633 2043 666 2130 ἦ,
688 2048 723 2111 ut
745 2048 902 2131 aliquoties
924 2046 1005 2130 apud
1027 2047 1227 2112 Plutarchum

167 2153 232 2230 καί,
256 2152 293 2215 de
318 2171 376 2234 quo
399 2152 438 2216 ad
454 2151 560 2216 Niee.
574 2151 610 2213 11
636 2151 745 2219 diuam.
788 2153 884 2220 Paule
906 2152 985 2217 infra
1006 2172 1061 2235 pre
1083 2156 1227 2239 προσελ-

166 2253 242 2325 θάν
265 2253 383 2333 αὔξοιτο
406 2256 601 2351 scribendum
626 2261 688 2324 est:
712 2253 942 2344 προελθών
964 2254 1094 2335 εὔξατο.

264 2364 331 2429 Ibd.
355 2363 412 2426 23:
454 2356 682 2438 Ἀποστάσεις
705 2366 738 2430 er
761 2361 851 2450 ὁρῶν
872 2362 1007 2430 ἅπαντα
1031 2369 1086 2432 καὶ
1110 2392 1227 2433 νεωτε-

165 2464 308 2556 ρισμοιίς
326 2470 380 2534 καί
403 2461 565 2534 σύστασιν
586 2465 727 2555 ἰσχυράν
750 2467 800 2557 ἐφ’
822 2467 940 2546 αὐτόν,
963 2472 1095 2548 ἐδέξατο
1118 2469 1227 2560 γράμ-

163 2592 256 2664 ματα
282 2575 468 2664 Σαυνιτῶν.
510 2576 585 2640 Haee
608 2577 640 2641 et
665 2581 790 2662 propter
816 2579 946 2662 pluralia
974 2581 1005 2643 et
1032 2581 1112 2664 qued
1140 2581 1227 2647 abest

163 2676 358 2770 participium
392 2679 542 2762 (ἅπαντα
565 2679 660 2763 ὄντα)
697 2689 729 2752 et
761 2684 840 2770 qued
870 2686 903 2750 in
935 2687 1070 2751 extreme
1104 2686 1227 2751 additur

165 2784 315 2877 ἰσχυράν,
339 2789 431 2873 longe
454 2787 571 2853 distant
593 2791 704 2866 abeo,
732 2792 814 2876 qnod
836 2810 860 2857 ο,
887 2794 924 2853 14
946 2792 1074 2876 legitur:
1111 2787 1226 2864 στάσις

163 2892 226 2984 γάρ
250 2891 362 2961 πάντα
387 2895 590 2962 aurensinae.
624 2897 958 2991 Opinorseribendum:
981 2892 1071 2982 ὁρῶν
1095 2892 1227 2965 οἷποιν-

165 3006 254 3082 ταν,
277 3003 356 3086 qued
378 3003 505 3068 verbum
528 3002 564 3066 de
585 3005 702 3069 eventis
718 3004 923 3068 incidentibus
945 3006 976 3068 et
996 3007 1226 3072 occurrentibus

163 3113 305 3195 frequens
332 3110 380 3174 est
401 3108 483 3192 apud
504 3108 684 3193 Polybium,
715 3109 802 3174 Diod.
828 3109 887 3174 Sie.
913 3107 1012 3190 (XIX,
1035 3111 1101 3190 81)),
1140 3111 1226 3178 Stra-

162 3219 273 3284 bonem
297 3217 324 3296 (I
346 3236 375 3299 p.
400 3215 448 3293 51,
471 3214 501 3278 X
522 3234 552 3297 p.
575 3213 658 3291 480).

263 3323 329 3388 Ibd.
353 3323 409 3385 26:
444 3315 541 3386 οὐδὲν
570 3325 619 3393 εἰς
643 3314 662 3385 ὃ
684 3321 735 3386 δεῖ
757 3323 886 3388 θέσθαι
909 3321 977 3387 τῶν
1001 3313 1227 3408 ὑπαρχόντων

164 3423 282 3503 σώσας.
316 3427 474 3513 Pfluglrins
497 3421 646 3510 φθάσας.
686 3429 793 3494 Potest
815 3429 908 3494 etiam
929 3421 1098 3513 ,ἰσχύσας
1119 3430 1226 3498 fuisse.

257 3537 329 3602 lbd.
353 3535 408 3599 29:
439 3531 491 3600 ὅτι
513 3537 620 3601 ταῦτα
648 3539 713 3618 μέν
736 3541 803 3600 ἐστι
827 3535 995 3618 πυλαϊκῆς
1017 3525 1227 3622 οχλοιγιογίσις

164 3645 217 3707 καὶ
238 3636 385 3724 α’σοιρίαν
406 3646 524 3727 ἔχοντα
547 3636 689 3727 πολλήν.
739 3643 847 3725 Neque
869 3634 993 3725 σίοοφία
1022 3641 1095 3706 ferri
1121 3646 1228 3726 petest

162 3768 261 3831 neque
283 3740 430 3832 deotpurc
455 3750 528 3831 apte
556 3748 677 3814 videtur
703 3751 734 3814 et
760 3749 832 3831 post
855 3749 908 3812 uel
931 3749 1125 3829 exspectatur
1149 3755 1226 3837 ἔχει.

161 3855 284 3918 Fuitne:
324 3856 430 3921 ταῦτα
468 3858 533 3940 μέν
567 3860 589 3918 ἐ.
631 3880 666 3918 π.
707 3847 938 3940 ὀχλαγωγίας,ἱ
970 3858 1228 3940 κονοσοφίαν

161 3965 278 4046 ἔχοντα
302 3948 460 4045 πολλήνῗ

260 4065 326 4132 Ibd.
337 4066 392 4131 30:
415 4059 625 4152 τρίθοράβῳ
649 4065 703 4130 καί
726 4065 771 4150 τῷ
788 4056 950 4149 κινήματι
972 4058 1034 4130 τόν
1055 4068 1227 4154 λογισμόν
