2580 4530
211 235 272 298 nro
587 299 590 303 ⁴
631 230 691 287 111.
711 231 748 288 11

271 427 416 516 κληδόνα
440 424 578 514 μύθων,
602 438 637 496 οἳ
657 425 881 516 τετράμοιρον

272 533 392 611 νυκτός
417 533 570 621 φυλακήν
593 531 705 621 scices
728 542 886 626 στρατιᾶς
907 530 1193 622 προκάθηνταιῙ).

272 644 321 709 Sic
351 644 456 709 uerba
493 643 734 730 interpungenda
767 650 859 712 sunt.
923 646 1038 712 Chorus
1083 643 1229 707 iuvenum

173 751 308 816 militum
330 768 346 816 ο
368 750 499 814 statione
522 752 592 814 ante
614 754 714 817 eastra
724 751 885 819 nuntiandi
907 769 1004 821 causa,
1013 749 1052 814 ad
1063 749 1229 813 Hectorem

174 859 335 922 missorum
360 854 494 938 aliquem
522 844 640 940 e'regis
663 858 826 934 (Hectoris)
847 857 1032 923 satellitibus
1055 858 1109 921 aut
1137 855 1230 919 armi-

174 965 264 1050 geris,
296 964 348 1046 qui
369 961 408 1026 ad
428 963 541 1026 ostium
567 963 689 1028 tentorii
709 952 826 1050 sigila,
857 963 1021 1027 Hectorem
1045 961 1177 1026 excitare
1200 964 1231 1025 et

175 1088 298 1134 evocare
329 1068 423 1153 iubet:
477 1067 591 1132 Audiat
624 1069 681 1142 (sio
703 1070 804 1152 orant)
825 1069 976 1144 nuntium,
999 1071 1055 1132 eet.
1115 1067 1232 1131 Deinde

174 1175 275 1240 subito
296 1174 398 1256 ipsum
419 1174 596 1250 Hectorem,
619 1175 706 1256 quasi
731 1176 769 1239 ad
783 1173 998 1250 eumdeducti
1021 1173 1231 1256 alloquuntur:

176 1278 286 1364 ὄρθου
309 1275 459 1362 κεφαλήν
479 1281 536 1344 eet.
561 1280 625 1359 (ubi
645 1280 767 1344 initium
795 1282 831 1346 fit
860 1281 929 1345 nori
955 1279 1132 1364 systematis
1161 1298 1233 1344 ana·

175 1365 314 1469 p'aastiei).
360 1383 419 1450 Sed
431 1387 514 1450 νέων
534 1385 566 1449 in
588 1386 646 1450 hac
666 1385 816 1469 scriptura
836 1407 854 1452 a
876 1381 1003 1463 μύθων
1025 1378 1176 1450 1111111111
1196 1385 1234 1448 de

176 1491 337 1558 iuvenibus
355 1491 495 1575 intellegi
517 1491 635 1575 nequit;
658 1491 762 1574 itaque
786 1498 820 1556 οἳ
839 1511 1004 1575 pronomen
1037 1510 1097 1556 non
1131 1490 1233 1568 habet,

180 1617 238 1682 quo
270 1597 427 1662 referatur.
477 1595 560 1676 Quas
592 1597 738 1687 adhibent
771 1598 840 1664 huic
871 1599 947 1664 vitio
979 1597 1167 1672 medicinas,
1203 1599 1236 1663 et

177 1705 321 1771 violentae·
345 1706 417 1768 sunt
443 1703 665 1786 transponendo
692 1704 843 1789 simulque
871 1703 1018 1769 mutando
1047 1706 1079 1768 et
1096 1702 1236 1767 incidunt

84 1859 86 1865 ψ
178 1813 300 1877 ineam
326 1808 528 1892 pravitatem,
557 1812 592 1875 ut
612 1804 831 1885 ὑπασπιστάς
858 1813 890 1875 et
911 1810 1133 1896 cavyoydoove
1166 1829 1236 1872 eum

179 1920 267 1983 choro
289 1916 485 1982 confundant.
530 1917 643 1982 Lenius
665 1937 713 1983 res
734 1918 863 2002 transigi
883 1936 972 2000 posse
993 1917 1134 1981 ridetur:

843 2026 978 2100 Δέξαιτο
1004 2027 1087 2089 νέων

300 2119 443 2212 κληδόνα
466 2120 606 2209 μῦθόν
628 2123 678 2204 θ’,
701 2140 735 2197 οἳ
755 2128 980 2220 τετράμοιρον
1002 2160 1029 2198 κ.
1053 2157 1082 2194 a.
1107 2131 1136 2193 λ.

275 2233 341 2299 Ibd.
363 2235 403 2294 46
426 2234 621 2299 scribendum
642 2236 776 2305 ridetur:

423 2343 502 2403 νέαν
524 2337 587 2405 τιν’
610 2335 665 2425 ἐφ’
686 2348 697 2407 ἱ
705 2347 719 2407 s'
726 2371 847 2428 μενοι
867 2355 872 2422 Ι
891 2343 999 2430 degeo,
1033 2333 1037 2339 ’
1110 2346 1114 2353 ’

277 2444 342 2510 lbd.
365 2445 419 2508 59:

277 2553 323 2614 Εἰ
344 2545 407 2635 yolo
431 2554 570 2635 φαεννοὶ
592 2549 642 2636 μή
666 2560 819 2642 ξυνέσχον
840 2555 938 2640 ἡλίου
1025 2628 1027 2634 ,

278 2659 484 2740 λαμπτῆρος,
507 2651 568 2724 οὐκ
590 2654 634 2724 ἂν
657 2671 753 2747 ε”οχον
775 2656 1042 2749 εὖτυχοὺνδόρυ
1064 2687 1090 2726 κ.
1117 2689 1144 2726 τ.
1168 2666 1195 2727 λ.

280 2765 448 2848 Σονέοχον
483 2767 514 2829 et
554 2771 678 2850 propter
715 2770 969 2854 significationem
1006 2773 1167 2835 obscuram
1208 2773 1238 2834 et

179 2869 360 2934 insolentem
392 2874 422 2934 et
448 2872 486 2935 ob
516 2880 611 2957 ε”οχον
637 2874 668 2938 in
698 2878 832 2959 proximo
859 2895 949 2941 versu
967 2877 1158 2958 suspectum·
1183 2879 1238 2946 est,

181 2976 328 3058 credoque
350 2977 443 3042 fuisse
466 2971 692 3066 συνῄνουν
716 2987 770 3048 aut
791 2983 891 3049 simile
914 2982 1039 3065 aliquid.

280 3083 345 3147 lbd.
367 3085 425 3145 251
449 3103 510 3148 una
540 3085 643 3152 littera
665 3089 812 3154 mutanda
839 3091 887 3155 est
908 3091 940 3154 et
961 3089 1005 3152 sic
1026 3086 1238 3152 scribendum:

834 3205 881 3260 ἔνι
906 3197 938 3262 δὲ
961 3188 1091 3279 θράσος

288 3301 323 3357 ἐν
345 3297 462 3379 αἰχμᾷ’
486 3290 590 3361 πόθι
601 3345 611 3371 ,
636 3301 764 3365 Μυσῶν
786 3296 823 3373 ὃς
845 3297 933 3387 ἐμυίν
956 3300 1148 3383 ξυμμαχίαν

970 3399 1091 3485 civitem

183 3506 244 3570 Ubi
266 3511 323 3582 est,
346 3509 396 3589 qui
420 3511 614 3573 contemnat?
658 3509 732 3587 Quis
755 3515 946 3577 contemnere
969 3512 1084 3577 audet?

216 3755 236 3821 ¹)
257 3758 344 3811 Semel
362 3761 482 3828 systema
503 3760 690 3827 anapaestioum
714 3758 785 3813 'recte
803 3760 949 3814 describere
968 3763 1054 3816 volui.
1080 3778 1132 3814 non
1159 3776 1244 3828 paroe·

256 3852 333 3902 miaci
351 3850 486 3904 efficiendi
505 3867 583 3904 cause
604 3855 664 3920 post
682 3836 1010 3920 primum'monometrum
1029 3855 1086 3908 sine
1105 3854 1162 3907 ulla
1181 3856 1245 3906 nota

256 3943 387 3999 iudiciove
406 3945 541 4011 insistens,
561 3943 607 3997 sed
627 3947 775 4013 anapaestos
794 3961 841 4013 per
859 3945 986 4018 dimetros
1005 3946 1088 3999 libere
1107 3945 1244 3998 decurrere

256 4035 353 4103 sinens,
373 4036 454 4089 donec
474 4053 548 4090 versu
567 4037 686 4106 longiore
704 4038 832 4092 catalecto
851 4043 966 4107 systema
984 4040 1101 4093 finiatur.
