2580 4530
575 261 637 318 urb.
653 261 708 319 uu
1066 260 1126 324 461

106 467 214 552 legum
235 461 371 541 violatio,
392 462 504 528 deinde
525 460 801 542 (praenromnium
814 460 919 546 legum
939 461 1170 538 violationemt)

106 573 148 638 de
177 569 290 636 oeterio
322 568 459 635 diuturne
491 567 591 634 orator
623 565 686 640 eet3
717 566 772 632 sed
803 587 840 633 ex
870 568 926 648 iio,
963 588 1030 653 (με
1067 567 1173 634 eontra

106 694 215 744 omnes
235 675 322 760 legen
346 674 538 742 Timocrates
558 672 647 751 feeit,
673 673 808 756 primum
829 674 867 739 de
894 693 929 740 eo
956 674 1092 751 diotmne
1108 677 1173 753 est,

107 783 191 869 qnod
212 783 268 849 ille
287 780 422 866 primum
449 777 619 846 commisit
665 778 866 844 Seribendum
890 779 1001 864 igitur:
1036 780 1174 864 πρῶτον

107 895 175 974 μὲν
187 880 266 964 οὖν,
288 883 374 970 ὅπερ
388 876 527 967 ἠδίκησε
542 885 690 969 πρῶτον,
711 877 804 952 τοῦτ’
821 885 882 968 ἐρῶ
899 874 926 950 oi
930 909 951 950 ν
969 880 1063 971 παρέ
1086 878 1174 952 ποίν-
1223 928 1227 935 .

108 1021 172 1072 we
188 991 274 1070 venie
294 986 423 1078 νόμους
444 993 655 1071 ἐνομοθέτει.

211 1101 280 1168 lou.
308 1099 363 1164 28:
407 1089 480 1163 ἀλλ’
522 1103 578 1164 ἵνα
615 1093 666 1183 μή
705 1102 987 1185 προαισθομένου
1025 1091 1175 1184 μηδενός

110 1200 310 1292 α’νθροέποιν
330 1196 413 1290 μηδ’
435 1196 659 1279 α’ντειπόντος
681 1206 802 1292 τιθείη
824 1207 879 1272 erui
905 1207 1037 1292 γένοιτο
1060 1199 1175 1288 κύριος

110 1309 230 1388 αὐτοῖς
251 1308 308 1380 ὅδε
331 1306 351 1377 o‘
374 1361 381 1376 .
405 1358 412 1372 .
436 1356 446 1374 .
468 1303 585 1395 νόμος.
632 1310 856 1378 scribendum:
888 1305 962 1378 ἀλλ’
983 1318 1058 1387 ἵνα,
1089 1335 1176 1396 προ-

110 1422 330 1505 αισθομένου
355 1411 505 1504 μηδενός
530 1410 613 1502 μηδ’
635 1411 871 1494 α’ντειπόντος,
899 1419 1020 1504 τεθείη
1042 1443 1071 1484 ιι.
1094 1443 1122 1483 τ.
1145 1419 1175 1482 λ.

109 1528 195 1596 Num
215 1519 266 1611 μή
286 1525 359 1608 pout
380 1530 437 1618 ἵνα
451 1524 623 1590 subiectum
638 1525 710 1590 ante
724 1527 1007 1610 προαισθομένου
1027 1516 1176 1611 μηδενός

110 1633 287 1700 neoeesnrie
306 1631 455 1701 sermonis
475 1630 545 1715 lege
568 1630 607 1696 ed
629 1632 752 1716 τεθείη
772 1632 917 1714 pertinet,
942 1652 1001 1717 qno
1024 1632 1178 1699 sententie

113 1740 272 1809 evertitu-
440 1737 450 1755 ‘

215 1843 284 1910 Ibei.
311 1842 388 1908 156:
427 1837 501 1928 Τήν
522 1846 588 1926 μὲν
617 1833 682 1909 οὖν
703 1843 766 1908 τοῦ
786 1836 958 1926 ὀνόματος
979 1844 1177 1926 φιλανθρα-

114 1951 202 2017 πίαν
222 1947 274 2016 ὅτι
297 1939 428 2034 ταύτην
448 1944 493 2021 οἶν
512 1942 660 2032 μάλιστα
682 1947 882 2033 προσίεσθε,
902 1948 1044 2015 κατεῖδε.
1081 1947 1178 2014 Sorib.

115 2061 351 2143 προσεῖσθε
373 2055 469 2139 (quod
482 2055 572 2121 video
585 2075 666 2121 nnne
678 2058 711 2120 in
725 2055 843 2121 dnobus
865 2054 953 2120 oodt
976 2060 1068 2133 esee),
1090 2057 1178 2138 opte-

114 2165 178 2230 tivo
197 2162 296 2228 modo.
343 2161 532 2240 (Dindorfine
555 2158 599 2227 έν
621 2161 758 2239 sustulit,
780 2180 819 2225 ne
843 2161 882 2226 ad
902 2161 1088 2227 sententium
1110 2156 1199 2245 qni?

115 2270 185 2336 dem
206 2270 315 2347 reete.)

213 2374 372 2440 Emeum
395 2372 558 2455 Aphobum
576 2374 605 2451 Ἰ,
628 2372 685 2437 26:
713 2374 769 2439 uei
791 2368 872 2444 τούς
894 2365 1066 2457 λαβόντας
1090 2367 1178 2439 οἷπε-

116 2481 297 2548 taruennae
327 2480 382 2544 καὶ
407 2472 506 2544 οὐδὲν
528 2473 572 2543 ἂν
596 2473 708 2546 αὐτῶν
734 2482 934 2565 παρέλιπον.
984 2478 1096 2546 Sorib.:
1121 2481 1179 2546 uui

117 2580 213 2654 οὐδέ
220 2611 268 2652 να
290 2578 414 2651 αὐτῶν.
445 2585 554 2668 Neque
569 2586 652 2650 enim
667 2586 706 2651 nd
731 2607 780 2652 res
806 2586 913 2652 referri
929 2580 1043 2653 αὐτῶν
1063 2588 1177 2670 potest

119 2693 179 2771 (De
200 2691 219 2775 ξ
242 2691 282 2754 63
304 2691 394 2756 hnine
416 2689 560 2757 orationis
582 2691 700 2757 dietum
722 2713 750 2776 p.
775 2693 861 2776 102.)
1005 2690 1008 2694 '

216 2796 322 2862 Eiusd.
344 2797 411 2863 adv.
423 2796 572 2880 Spudiem
585 2797 621 2858 11
646 2798 723 2863 mire
744 2801 775 2864 in
797 2799 993 2881 apertissima
1013 2800 1180 2882 partitione

117 2902 211 2969 trium
232 2901 439 2992 membrorum
462 2901 506 2967 uie
527 2901 686 2969 scribitur:
718 2898 790 2993 αλλ’
818 2900 841 2970 οἷ
866 2907 932 2988 μὲν
960 2908 1024 2986 ἔχει
1048 2903 1179 2982 προλα-

117 3007 208 3095 βών,
238 3007 307 3073 τῶν
334 3007 368 3074 δὲ
390 3002 431 3073 eti
454 3010 541 3093 μέρη
563 3009 753 3093 νομίζεται,
779 3005 821 3076 τοὶ
851 3009 886 3074 δὲ
917 3003 1005 3074 οὕτω
1028 3006 1182 3091 φανεροῖς

119 3110 180 3184 οὐκ
202 3109 413 3183 innotuere
433 3133 489 3196 pro
511 3133 562 3192 σο,
593 3116 675 3198 quod
695 3116 873 3201 requiritur:
909 3105 1010 3179 α’λλοέ
1039 3109 1086 3177 τοὶ
1115 3115 1181 3195 μέν

120 3231 184 3310 ἔχει
206 3216 405 3308 προλαβών,
427 3221 495 3286 τῶν
519 3221 554 3285 δὲ
576 3248 606 3288 α.
629 3247 660 3289 τ.
678 3225 708 3288 λ.
832 3252 834 3257 ·

176 3480 180 3487 .
220 3432 400 3498 Oratoribus
419 3431 533 3497 Attioie
567 3433 698 3518 adiungo
720 3433 933 3510 Aristotelem,
961 3428 1182 3495 Demosthenis

121 3539 280 3623 aequnlem,
301 3539 433 3623 ingenio,
449 3556 552 3604 rerum
562 3557 683 3623 genere,
699 3539 835 3605 oratione
851 3538 916 3604 eine
928 3534 1180 3602 dissimillimum.

121 3645 220 3711 Huius
254 3645 341 3711 libris
373 3645 588 3710 communibus
619 3645 841 3729 philologornm
874 3644 987 3711 studiis
1016 3659 1075 3706 non
1107 3659 1181 3706 eene

123 3751 284 3817 celebretis
306 3769 345 3815 ne
366 3751 432 3834 ipse
463 3750 587 3835 quidem
613 3752 735 3816 tantum
757 3769 856 3832 operae
879 3753 910 3814 et
932 3748 1026 3814 studii
1046 3747 1181 3814 tribuere

123 3857 217 3938 petru
250 3858 398 3940 qnantum
419 3857 541 3922 vellem.
586 3857 663 3942 Legi
689 3857 762 3922 olim
785 3856 822 3920 de
855 3855 973 3939 poetica
1002 3854 1115 3919 librum
1136 3853 1182 3919 ite

124 3963 158 4026 ut
178 3962 218 4027 ed
245 3963 421 4028 universnm
453 3963 671 4048 argumentum
703 3961 931 4047 sententiasque
958 3960 1059 4046 magio
1089 3979 1181 4045 quam

125 4065 163 4131 ed
183 4067 320 4152 singulos
341 4067 426 4136 looos
448 4070 480 4135 et
500 4067 646 4135 orationis
662 4068 794 4135 formem
816 4067 954 4133 animum
975 4068 1183 4143 attenderem
