2580 4530
164 249 224 311 606
586 247 648 305 Lib.
666 247 716 306 IV.

120 448 259 527 muravit,
282 448 563 532 quorefom'possit
583 448 715 513 τοῦτον.
752 449 867 518 Seria:
895 444 1066 518 Τούτων
1085 445 1177 525 αὐτὸς

120 547 230 638 ἐφόρει
259 553 332 620 τόν
354 563 517 638 ἕτερον,
542 547 657 621 τᾶν-δ’
679 562 795 640 ἕτερον
812 551 996 635 ”Αλκιμος.

218 660 283 726 Ibd.
307 662 362 725 22:
389 660 463 726 Καί
484 681 588 746 φησιν
610 654 629 726 0‘
650 653 824 747 Ἀπελλῆς
847 658 957 738 οὕτως
976 665 1179 753 ἐκπλαγῆναι

119 762 338 851 θεασάμενος
370 793 400 832 κ.
432 793 462 832 τ.
495 767 523 832 λ.
571 767 811 834 Narrareratne'
831 768 959 852 Apelles
994 773 1124 858 (φησίν)
1153 772 1181 836 in

117 874 203 947 libro¹
217 875 328 958 aliquo,
349 894 410 941 non
433 873 507 958 quid
528 873 687 953 sensisset,
710 875 763 940 sed
777 874 810 939 in
825 894 893 959 quae
906 877 1003 942 verba
1017 879 1181 963 erupisset?

118 980 221 1046 Ceteri
242 999 340 1065 neque
363 980 477 1066 scripta
508 979 572 1051 ulla
593 980 710 1063 Apellis
737 981 913 1066 signifioant
942 986 975 1050 et
1006 985 1067 1051 hoo
1084 985 1183 1070 'ipsun

116 1088 264 1170 tanquam
297 1087 336 1153 ab
363 1086 431 1151 aliis
460 1084 499 1150 de
527 1104 562 1150 eo
594 1085 745 1152 traditum
771 1090 898 1153 narrant
932 1089 1062 1170 (Allien.
1096 1112 1123 1159 v
1154 1089 1181 1156 h.

116 1191 193 1263 XII
218 1194 272 1268 41,
292 1192 463 1258 Pliniueh
484 1212 514 1255 n.
539 1189 666 1266 XXXV,
690 1191 756 1271 79,-
753 1194 824 1271 80)
861 1194 1050 1262 Tollendum
1072 1200 1182 1296 φησίν,

116 1299 274 1383 oratioque
296 1301 340 1371 sie
360 1296 618 1382 interpungenda:
649 1293 734 1363 ἑπτα
768 1322 833 1385 γαρ
866 1305 954 1366 ἔτεσι
989 1308 1182 1371 συντελέσαι

118 1412 247 1502 λέγεται
281 1400 347 1488 τήν
374 1429 510 1491 γραφην
543 1399 561 1468 ὅ
590 1404 826 1492 Πρωτογένης,
865 1402 976 1472 καλ
956 1434 973 1473 o
1012 1402 1183 1522 Απαλλῆς

116 1513 225 1588 οὕτως
251 1512 512 1599 ἐκπλαγῆναικ.
534 1535 562 1574 τ.
586 1512 614 1575 λ.

216 1620 282 1685 Ibd.
318 1621 373 1684 25:
408 1617 614 1689 Σικυωνισας
646 1617 680 1683 δὲ
713 1614 824 1703 φήσας
856 1613 950 1714 παραὶ
983 1644 1051 1705 την
1083 1615 1182 1688 πόλιν

113 1731 221 1793 σιτεῑν
243 1751 307 1810 την
329 1718 590 1815 πόλινεπεισεν,
610 1711 733 1790 οὖνοῦν
751 1724 892 1799 οἰκοῦσι,
908 1727 1180 1810 μετοικίσασθαι

114 1835 244 1909 Lusum,
277 1852 335 1917 quo
371 1808 547 1896 Demetrius
583 1829 812 1897 incommodum
835 1831 919 1896 urbis
954 1832 1051 1899 situm
1089 1837 1181 1922 signi·

114 1941 237 2016 licebat,
272 1939 311 2004 ab
332 1937 536 2004 instrumento
568 1936 694 2001 duetum
725 1938 875 2021 suspicor,
904 1937 984 2022 qnod
1011 1941 1094 2024 apud
1123 1943 1181 2007 Lu.

114 2049 236 2114 oianum
259 2043 400 2126 (Lexiph.
426 2045 460 2118 4)
483 2036 505 2126 ἠ
530 2035 636 2115 πόλος
657 2043 837 2126 appellatur,
859 2043 997 2110 adsolie
1018 2046 1116 2114 situm
1136 2050 1181 2114 in·

113 2153 277 2225 dicandum
299 2150 472 2234 pertinenti,
495 2151 530 2213 ut
551 2145 644 2234 nepai
666 2143 736 2233 τήν,
761 2142 1180 2236 πόλονίιιλεΙΙορελιιιμιοο

114 2261 186 2342 apte
208 2257 247 2323 ad
270 2257 368 2322 solem
391 2258 422 2321 et
444 2256 512 2320 eoeli
532 2256 699 2340 regionem.

213 2363 281 2429 Ibd.
304 2363 361 2426 36:
387 2355 624 2428 Φαλάττεσθαι
647 2356 711 2447 γιλρ
735 2354 858 2436 σ’κνών,
881 2355 925 2435 οἷς
946 2356 999 2446 μή
1022 2356 1179 2430 κοῖκεῑνον

114 2466 426 2554 οἷντιῳαλάττεσθαι
456 2460 590 2556 διδάξῃ,
628 2463 757 2534 παθών
790 2472 940 2552 ἔφθασε,
980 2470 1068 2554 δροῖν
1101 2461 1179 2553 με’λ-

115 2581 234 2649 λοντος
270 2568 394 2650 αὐτοῦ,
430 2569 480 2658 μή
522 2574 700 2662 διαφαγεῖν
738 2581 869 2641 ἐκεῖνον
910 2570 930 2640 ὂ
978 2577 1177 2663 ἐμηχανᾶτο.

114 2683 226 2748 Seria:
248 2676 376 2747 παθών
398 2688 548 2766 ἔφθασε,
572 2681 657 2765 δροὶν
682 2683 842 2766 μέλλων
864 2677 988 2757 αὐτός
1024 2684 1102 2750 τοι)
1125 2676 1178 2768 μή

115 2791 291 2876 διαφαγεῖν
308 2795 451 2863 ἐκεῖνον,
480 2783 501 2854 ὅ
516 2790 725 2887 *appamiae
762 2790 833 2871 Ipse
856 2789 940 2875 δρολν
961 2785 1102 2874 ἤμελλε,
1124 2809 1179 2854 non

114 2896 194 2980 quod
217 2889 373 2960 asoelere
395 2896 589 2974 abhoneret,
623 2896 678 2962 sed
713 2914 837 2973 verens,
873 2914 912 2959 ne
944 2897 1024 2962 alter
1047 2896 1178 2963 cauendo

112 3004 226 3068 vitaret
247 3002 358 3079 scelus,
380 3001 459 3084 quod
483 3001 698 3070 meditabatur.
741 2997 903 3086 (Τοὺμή
928 3001 973 3067 sio
994 3003 1178 3070 Plutarchus

112 3111 198 3174 Aret.
222 3128 246 3173 ο.
268 3108 306 3169 31
331 3110 372 3182 et,
393 3110 428 3172 nt
449 3107 554 3172 videor
575 3108 763 3186 meminisse,
785 3108 882 3187 alibi.)

211 3212 279 3279 lod.
302 3213 360 3279 39:
394 3214 507 3290 ἔδοξεν
530 3207 640 3297 ἠπίως
662 3216 847 3300 κεχρῆσθαι
870 3215 924 3278 καὶ
946 3207 1100 3297 μα’λιστα
1125 3205 1178 3281 δια

113 3322 234 3387 Πίσιν·
258 3315 341 3386 ἑλαλν
362 3315 428 3407 γαρ
451 3313 559 3385 niodo
571 3313 671 3387 οὐδὲν
693 3317 797 3388 κακόν
818 3321 991 3407 ἐποίησεν,
1013 3314 1100 3387 α’λλοῖ
1126 3321 1177 3388 καλ

113 3454 140 3492 κ.
163 3453 192 3492 τ.
216 3430 245 3492 λ.
289 3426 402 3492 Sorib.:
427 3428 481 3492 καλ
503 3421 651 3511 μάλιστα
677 3427 837 3495 Πίσιδι.

211 3531 279 3599 lb'd.
316 3534 357 3596 50
396 3535 471 3598 extr.
509 3533 722 3613 scribendum
765 3534 887 3599 sublata
923 3534 1178 3616 interpolatione:

111 3642 165 3706 καλ
199 3665 268 3723 παρ
301 3657 408 3706 αατον
442 3664 533 3711 τινες
556 3634 647 3723 ὅμως
669 3641 902 3725 ἐπεφοιτων
924 3640 987 3705 τοῦ
1010 3636 1179 3708 Belsinon

111 3746 306 3830 κομίζοντες
338 3751 498 3818 ἐπιεικεῖς
526 3738 655 3833 λόγους.
699 3748 814 3832 Vulgo.
844 3746 1086 3833 ἐπιφοιτῶντες
1110 3741 1178 3812 οἷπο

109 3851 172 3916 τοῦ
204 3839 429 3919 Σελεσκοα
406 3878 501 3938 puae.
556 3852 624 3917 Non
651 3850 851 3930 attenderat
884 3852 936 3936 qui
968 3853 1001 3917 iu
1001 3852 1177 3934 terpolavit

109 3981 179 4040 παρ
212 3951 350 4024 ovone]
404 3985 496 4026 ,τον
519 3953 689 4027 Σελείκοα
710 3961 867 4026 oohaerere.
915 3958 1035 4029 Nomen
1058 3958 1178 4026 Seleuci

108 4062 192 4128 nullo
216 4065 307 4145 paeto
328 4008 435 4132 abesse
456 4068 568 4150 potest.
