2580 4530
543 282 604 339 Lib.
622 283 648 337 1.
1049 282 1089 345 85

25 478 131 543 uenter
143 498 212 562 per
226 500 272 546 ss
283 483 443 547 offendit
457 485 621 578 repetitum
644 485 774 550 moleste
794 483 829 548 in
852 485 981 563 utroque
996 479 1137 545 membro

31 584 111 650 tanti
130 587 292 653 uerbum
320 573 371 653 st'
387 589 624 656 innectorma
640 591 786 664 ἔδωκαν,
808 588 941 655 ἔδοσαν.
989 584 1067 653 (lum
1082 602 1135 649 ao-

37 692 112 758 cetnt
132 693 262 777 igitur,
296 695 343 759 ut
376 694 551 778 Xenophon
580 696 758 762 constanter
789 696 911 762 ἔδοσαν
940 694 1022 757 dicat
1043 691 1080 769 (Ι,
1104 690 1134 767 3,
1210 735 1220 751 ..

42 800 67 873 l,
86 798 123 875 V,
137 799 173 875 3,
200 801 264 883 10,
290 800 337 879 V,
363 801 397 879 4,
423 794 547 879 1'1‚vl,
573 803 599 880 1,
625 803 663 865 18
685 805 717 868 et
737 802 771 867 in
792 798 969 886 compositis
991 798 1016 875 Ι,
1032 799 1061 876 2,
1085 795 1133 872 18,

45 903 67 973 l·
83 904 113 981 32
134 905 157 967 3
181 907 222 970 et
248 908 311 983 21,
337 906 435 988 cet).
465 924 617 990 nusquam
640 908 784 986 ἔδωκαν,
808 910 934 990 apparet
953 904 1009 968 hoc
1031 902 1134 966 adiec-

50 1012 106 1074 tunn
133 1029 210 1075 esse
235 1011 284 1075 ab
309 1012 441 1095 aliquo,
466 1012 517 1095 qui
539 1013 768 1079 substantivum
790 996 942 1097 α’ριστεῑα
964 1029 1018 1075 suo
1040 1009 1133 1074 verbo

54 1133 147 1181 canere
176 1119 340 1182 noluerit.
395 1118 433 1181 In
464 1117 624 1183 Plutarchi
649 1120 722 1184 vitis
738 1139 808 1205 npn
829 1138 928 1202 pauca
951 1118 1022 1203 sunt
1042 1114 1134 1179 huius

56 1223 179 1304 generis,
190 1228 338 1306 quorum
353 1222 496 1305 quaedam
505 1224 569 1295 iam
581 1225 635 1289 alii
649 1226 941 1303 animadverterunt,
958 1224 1043 1289 velut
1056 1219 1134 1285 illud

57 1328 357 1393 manifestissimum
378 1330 488 1406 homo,
517 1329 544 1394 si
565 1330 691 1396 vixisset
716 1314 996 1411 diutius‚n1nltum
1018 1327 1133 1395 Graecis

58 1435 261 1517 scriptoribus
271 1435 463 1517 profuturus,
475 1436 647 1520 Emporias,
661 1439 743 1520 quod
755 1440 861 1524 Pyrrb.
874 1459 899 1505 c.
915 1438 956 1502 24
973 1455 1043 1501 oum
1058 1435 1131 1498 Plu-

58 1541 179 1605 tarchus
202 1541 393 1624 scripsisset
415 1542 475 1626 βίᾳ
497 1541 565 1606 τῶν
586 1537 814 1611 ὑπασπιστῶν
834 1547 952 1628 (invitis
976 1546 1008 1609 et
1021 1560 1133 1624 repug-

58 1647 204 1712 nantibus
235 1646 476 1733 stipatoribus),
507 1667 566 1712 non
590 1649 749 1716 intellecto
771 1670 830 1716 usu
851 1649 991 1718 vocabuli
1005 1645 1132 1731 pllpad-¹

59 1753 155 1819 (litum
197 1754 254 1818 est
284 1749 376 1835 ματσί
409 1753 482 1837 (βίᾳ
503 1748 590 1838 μστσί
614 1756 682 1821 τῶν
701 1750 785 1836 τίνα).
829 1757 910 1823 Huic
937 1755 1048 1849 simile,
1076 1752 1131 1817 sed

58 1863 143 1943 paulo
168 1859 329 1926 occultius
355 1860 422 1937 est,
444 1860 522 1943 quod
542 1861 575 1925 in
587 1862 689 1944 Pelop.
699 1862 892 1940 claccidit,
917 1861 969 1927 ubi
991 1860 1035 1924 sic
1056 1859 1132 1922 sori-

58 1970 153 2033 bitur:
198 1959 314 2033 Ἀλλσί
338 1966 547 2050 Συβαρίταις
573 1970 638 2048 μὲν
668 1962 881 2053 ἐκτετηκόσιν
910 1962 978 2033 ὑπὸ
1002 1966 1131 2050 τρυφῆς

59 2076 107 2138 καί
134 2071 324 2156 μαλακίας
355 2068 411 2137 διαί
442 2067 505 2156 τήν
527 2068 613 2157 πρός
635 2069 673 2140 τό
697 2069 802 2142 καλόν
822 2069 935 2159 ὁρμήν
957 2074 1015 2138 καί
1033 2074 1131 2156 φιλο-

57 2185 178 2262 τιμίαν
203 2171 346 2251 εἰκότας
370 2179 548 2262 ἐφαίνοντο
566 2194 681 2262 μισεῖν
703 2177 764 2247 τιίν
784 2183 866 2267 βίον
887 2186 918 2246 οἱ
934 2174 985 2265 μή
1003 2171 1131 2265 φοβού-

56 2314 153 2369 μμι
180 2286 250 2352 ιιι
272 2277 440 2350 eloam.
499 2289 575 2355 Haeo
596 2272 673 2356 noni
694 2291 777 2357 anuo
798 2289 974 2373 significant
993 2288 1052 2354 nio
1073 2287 1131 2373 sy-

56 2397 173 2461 baritas
197 2397 331 2476 propter
353 2394 474 2459 honesti
495 2396 632 2462 studium
656 2399 688 2462 et
708 2397 813 2482 gloriae
830 2393 1028 2477 cupiditatem
1042 2414 1130 2459 ener-

56 2506 140 2566 vatos
165 2519 242 2565 esse
267 2497 385 2562 deliciis
405 2502 436 2564 et
455 2502 600 2579 mollitia;
623 2523 689 2586 quae
707 2501 861 2568 sententia
880 2501 1022 2583 quoniam
1039 2518 1131 2582 supra

56 2608 185 2673 modum
221 2603 355 2668 ridicula
382 2609 444 2683 est,
478 2609 527 2689 qui
557 2609 662 2674 Graece
692 2609 831 2673 sciebant
856 2610 887 2672 et
917 2625 991 2671 sano
1019 2605 1129 2671 indicio

56 2714 250 2785 utebantur,
280 2709 392 2777 Coracs
426 2715 457 2778 et
492 2713 677 2792 scafones,
709 2713 945 2797 transpositione
971 2713 1130 2776 subvenire

57 2819 266 2893 conabantur,
299 2820 335 2881 ut
355 2818 410 2883 illa
433 2817 485 2885 διαὶ
508 2815 573 2903 τήν
677 2819 875 2904 φιλοτιμίαν
897 2818 1039 2902 coniungi
1061 2838 1132 2883 cum

57 2927 99 2992 his
131 2931 168 2992 οἱ
201 2917 257 3008 μή
281 2919 495 3008 φοβούμενοι
518 2921 580 2991 τόν
602 2921 761 2991 θσίνατσν
781 2929 914 3009 possent.
960 2925 1019 2989 Sed
1039 2943 1078 2988 ne
1098 2923 1132 2989 id

56 3034 185 3116 quidem
209 3030 297 3094 recte
319 3029 419 3106 fieret,
443 3033 585 3114 quoniam
606 3033 639 3097 in
661 3034 719 3097 hac
740 3034 830 3097 acuta
851 3030 1069 3096 contrariorum
1080 3049 1131 3093 re·

55 3140 187 3204 latione:
237 3136 450 3219 (ἐφαίνοντο)
470 3154 585 3221 μισεῖν
607 3134 667 3206 τόν
688 3140 768 3224 βίον
791 3144 822 3203 σί
844 3135 893 3223 μή
917 3128 1129 3220 φοβούμενοι

55 3240 114 3309 τόν
141 3235 311 3307 θάνατον
332 3240 410 3305 nihil
437 3243 508 3308 addi
534 3245 650 3328 potest,
675 3263 730 3309 neo
756 3246 892 3327 profecto
920 3260 1044 3307 oausam
1070 3259 1130 3303 non

54 3349 207 3414 timendae
231 3349 344 3411 mortis
365 3349 416 3412 hic
437 3368 511 3431 opus
534 3354 601 3415 erat
622 3349 798 3433 significari.
830 3349 1013 3414 Plutarchus
1035 3344 1131 3425 sonip-

54 3459 138 3521 serat
168 3453 354 3537 aptissime:
405 3446 510 3518 'Allo
552 3457 761 3540 Συβαρίταις
797 3459 878 3541 μέν,
918 3444 1131 3532 ἐκτετηκόσιν

55 3558 122 3628 ono·
148 3560 289 3644 τρυφῆς
310 3560 365 3623 καί
383 3561 553 3641 μαλακίας
574 3558 639 3645 τήν
656 3557 792 3646 πρόςτὸ
816 3554 920 3625 καλὸν
941 3550 1053 3639 ὁρμήν
1074 3560 1130 3622 καί

56 3670 267 3753 φιλοτιμίαν
291 3665 473 3749 (Βρυτιίσίσ,
505 3669 556 3752 qni
578 3669 695 3734 deliciis
715 3671 747 3733 et
767 3665 897 3732 mollitia
917 3660 1054 3727 studium
1075 3664 1132 3728 ho-

56 3779 135 3842 nesti
163 3780 198 3840 et
220 3774 331 3858 gloriae
356 3771 557 3853 cupiditatem
581 3776 747 3839 amiserant
771 3774 801 3836 et
822 3771 970 3852 tanquam
991 3770 1131 3837 exustam

57 3888 86 3946 et
105 3881 318 3965 liquefactam
342 3877 577 3961 deposuerant);
599 3880 757 3953 librarius
780 3877 832 3960 qni
854 3875 1014 3958 ignorabat
1034 3877 1131 3940 usita-

59 3992 121 4053 tam
144 3988 277 4070 optimae
307 3983 397 4048 aetati
419 3983 550 4049 formam
571 3984 725 4068 loquendi,
753 3985 910 4065 ἐκτίτιμα
932 3975 998 4064 τήν
1019 3976 1132 4066 ὁρμήν

61 4096 106 4159 tut
136 4093 222 4177 apud
251 4089 442 4176 Dionysium
472 4091 573 4156 Halic.
596 4091 684 4166 ΙἯΙΙ,
712 4089 753 4151 45
774 4088 890 4153 femina
911 4089 1022 4154 dicitur
1044 4095 1133 4155 ἐκτε-
