2580 4530
233 281 273 345 52
672 280 733 347 Lib.
751 282 774 336 1.

192 479 377 560 si‘possis
406 479 574 562 quidem,
606 479 715 546 66126.
768 476 837 542 Non
863 477 1021 551 intellecta
1040 478 1253 559 implicatione

189 584 351 649 6661666666
378 585 411 648 62
430 585 658 668 nequidem
680 582 720 648 ad
740 602 837 648 unum
864 585 991 665 possis
1013 586 1129 663 relato,
1156 585 1253 667 parti-

189 690 267 770 cula,
279 689 493 756 condicionalis
516 690 703 773 transposita
724 692 773 754 662
790 688 1036 767 eodemmodo,
1067 692 1178 773 quoin
1201 690 1252 775 Ci-

189 798 307 862 octonis
329 797 464 862 oratione
495 816 550 880 pro
571 797 685 860 Milone
707 796 746 859 32
770 794 887 859 factum
913 795 945 860 id
958 815 1035 871 ,esse
1057 797 1131 861 olim
1154 795 1252 861 docui.

187 903 256 967 Non
277 904 323 968 ita
341 922 411 967 raro
431 903 548 968 librarii
569 921 623 986 pro
650 904 782 985 potest
813 920 885 966 nou
916 901 1067 987 (66226626
1088 901 1249 979 infinitivo,

184 1008 227 1073 ad
249 1002 341 1092 quem
362 1008 484 1092 negatio
506 1009 670 1091 pertineat)
698 1027 775 1072 nou·
796 1008 932 1088 potest
947 1007 1136 1089 scripserunt
1157 1006 1251 1091 (quod

186 1115 332 1193 mendum
354 1116 386 1179 in
408 1114 560 1180 Ciceronis
588 1108 770 1196 Philippicis
791 1133 809 1177 6
830 1113 971 1190 Μ66626,
1008 1114 1083 1178 612162
1112 1114 1152 1181 ab
1183 1112 1249 1177 aliis

187 1224 357 1286 correctum
380 1221 458 1304 est);
483 1221 577 1284 etiam
593 1217 673 1300 apud
689 1218 837 1282 Senecam
854 1219 1053 1300 6666622662.
1072 1219 1138 1292 VII,
1154 1219 1205 1296 25,
1220 1219 1249 1296 2,

185 1327 238 1391 ubi
260 1325 417 1392 scribitur:
450 1325 540 1390 adeo
563 1325 685 1390 an‘imo
707 1342 778 1388 non
798 1324 935 1405 potest
955 1325 1103 1407 liquere
1126 1323 1168 1388 de
1190 1341 1249 1388 66-

146 1431 281 1496 ⁴teris
303 1430 482 1509 rebus
491 1429 686 1494 adhuc
676 1447 759 1511 6666
781 1448 818 1493 66
841 1431 996 1512 quaera
1027 1429 1119 1494 soubr
1142 1429 1248 1495 debe

185 1537 275 1601 adeo
304 1536 431 1600 animo
458 1537 586 1618 potest
617 1553 687 1598 non
719 1535 887 1617 liquere;
920 1537 977 1601 hoo
1009 1536 1092 1631 enim
1114 1535 1248 1612 6166666,

163 1642 358 1706 Ι6626662666
401 1661 462 1706 666
494 1660 581 1720 6666,
614 1642 641 1706 62
676 1640 796 1705 animus
836 1641 874 1706 de
903 1642 971 1706 61226
1010 1660 1126 1725 quoque
1158 1641 1248 1706 rebus

183 1746 304 1812 dubitet
324 1767 380 1812 uec
401 1749 517 1813 6662666
538 1747 725 1815 sententiam
752 1747 878 1832 habeat,
907 1767 968 1812 uon
988 1750 1134 1831 negatur,
1162 1747 1247 1829 quio·

172 1842 284 1935 lquam
298 1844 435 1919 animum
457 1854 535 1919 scire
556 1873 661 1938 posse;
692 1872 750 1918 nec
781 1853 813 1916 in
846 1871 882 1918 66
903 1873 935 1924 66
963 1853 1080 1918 Seneca
1100 1852 1246 1935 liquere
1282 1934 1286 1979 1

182 1959 343 2041 posuisset,
366 1960 477 2043 quod
468 1981 499 2025 66
521 1963 578 2026 1666
598 1961 708 2026 incerti
728 1958 835 2026 iudicii
856 1958 1077 2066 significatione
1093 1959 1245 2041 propriam

181 2044 1286 2135 1662626661666.ι

185 2206 200 2227 ·
265 2171 302 2233 Ir
324 2172 430 2253 quinta
455 2172 564 2237 erroris
587 2173 685 2237 classe
701 2166 1013 2236 accommodationem
1034 2171 1122 2253 posui
1142 2148 1286 2255 gram-'¹
1283 2246 1286 2253 ,

182 2274 349 2352 matioam,
386 2296 453 2358 quae
486 2277 539 2354 122,
570 2296 639 2342 oum
656 2279 833 2353 librarius,
866 2277 905 2340 ad
937 2279 1036 2341 totam
1057 2277 1243 2340 senteutiam
1278 2256 1286 2320 ¹

180 2397 240 2442 uon
276 2380 428 2458 attentus,
467 2400 558 2447 66666
608 2383 726 2449 6262666
765 2385 796 2447 62
837 2382 995 2447 continuas
1036 2383 1090 2447 662
1132 2383 1241 2447 saltem
1276 2348 1286 2417 ¹

180 2502 241 2548 non
273 2483 377 2568 longe·
397 2485 542 2564 dissitas,
576 2488 631 2552 sed
663 2489 865 2572 grammatice
897 2489 1075 2570 separatas,
1115 2489 1241 2553 obscuro
1276 2482 1286 2584 2

180 2589 284 2654 animi
307 2592 392 2655 motu
424 2593 572 2675 tanquam
602 2594 805 2677 grammatice
838 2595 994 2675 copulatas
1026 2595 1124 2663 forma
1146 2601 1241 2673 (6666,

178 2713 315 2773 numero,
336 2715 457 2780 genere,
479 2717 623 2782 persona,
635 2700 756 2804 modo)
783 2701 900 2765 similes
926 2699 1043 2778 reddit,
1074 2700 1278 2768 haerentem

179 2801 332 2883 66662666
353 2803 384 2867 26
411 2803 514 2869 animo
544 2774 674 2870 formam
705 2807 745 2870 ad
777 2806 908 2871 61266666
937 2806 1000 2869 662
1023 2805 1117 2888 (quod
1142 2806 1240 2870 rarius
1272 2858 1284 2937 u

177 2907 426 2989 litlpraeoeptam
447 2928 482 2973 ex
502 2912 668 2992 6662662666
689 2912 729 2977 ad
750 2913 881 2994 priorem
902 2903 1100 2976 transferens.
1133 2911 1286 3023 1626666,

178 3013 358 3077 coniecturae
380 3015 532 3096 quoddam
553 3018 610 3082 hoc
632 3016 663 3079 62
683 3016 926 3098 interpolationis
947 3016 1071 3081 initium
1093 3017 1158 3093 662,
1186 2958 1286 3107 sed:3¹

177 3119 222 3184 226
242 3118 404 3183 obscurum
427 3122 458 3184 62
480 3140 498 3185 6
520 3123 643 3186 66662126
663 3122 880 3225 voluntateque
903 3124 1084 3199 seiunctum,
1106 3123 1143 3185 ut
1159 3122 1241 3186 26266
1269 3144 1286 3243 6

178 3225 329 3290 scribendi
350 3244 465 3290 errores
486 3228 641 3293 numerari
663 3227 781 3292 debeat
819 3229 888 3293 Dixi
909 3229 947 3292 de
968 3229 1047 3292 2626
1053 3228 1110 3292 1666
1129 3244 1239 3311 genere
1269 3234 1286 3322 q

178 3331 344 3395 emendstt.
376 3329 442 3395 Liv
472 3350 502 3412 p
533 3332 572 3394 10
598 3333 734 3414 (etaliis
756 3323 857 3410 16626,
882 3352 956 3416 quos
982 3333 1072 3398 index
1094 3332 1239 3409 ostendit,
1267 3346 1286 3411 q

177 3437 317 3519 quedam
339 3435 467 3517 addidi),
503 3455 655 3520 quamque
686 3439 749 3503 1626
778 3459 818 3523 66
819 3440 913 3516 2,6662
950 3459 1042 3523 quam
1077 3440 1238 3504 nonnullos
1267 3439 1286 3508 21

176 3559 273 3623 66666
304 3541 435 3608 editores
469 3541 648 3620 fefellisset,
677 3544 841 3610 declaravi.
888 3546 996 3628 126666
1029 3532 1286 3609 2661666262

175 3645 294 3711 Latinis
324 3647 455 3713 breviori
482 3647 560 3711 mihi
588 3667 654 3713 esse
684 3649 768 3714 12662
815 3651 969 3716 6612662262
1000 3653 1054 3716 662
1083 3647 1238 3732 participii
1265 3624 1285 3696 22

176 3750 263 3814 subst
249 3752 366 3816 2662266
397 3771 457 3851 666
484 3772 537 3818 666
566 3755 824 3826 accommodati
815 3777 847 3820 66
876 3757 1014 3822 Platonis
1039 3757 1159 3926 ltegibus
1185 3772 1236 3818 ex·
1264 3724 1285 3793 ⁸¹

132 3939 136 3946 Ι
175 3855 311 3936 emplum
342 3859 542 3924 memorabile
572 3860 643 3942 post
675 3860 736 3923 6126
772 3857 936 3939 emendata
966 3865 1062 3926 66626
1093 3863 1125 3925 26
1157 3862 1235 3926 libro
1263 3910 1284 3987 6

174 3959 236 4024 XII
256 3981 285 4043 p.
309 3962 369 4025 967
392 3963 431 4042 A,
453 3965 506 4029 ubi
528 3966 565 4029 de
586 3965 769 4030 astronomis
788 3968 934 4050 vulgorn
951 3967 1121 4049 impietatis
1135 3966 1235 4051 suspi-
1262 3996 1284 4080 q

173 4064 291 4131 cionem
324 4070 439 4134 vocatis
472 4071 519 4137 ito
552 4070 709 4139 scribitur:
749 4077 782 4137 οἱ
817 4078 858 4158 μὲ
861 4097 882 4138 ν
914 4098 979 4159 γαρ
1016 4079 1060 4150 (οἱ
1098 4074 1233 4147 πολλοὶ)
1261 4094 1281 4182 s

1260 4202 1272 4263 l
