2580 4530
216 242 278 307 356
637 240 698 297 uin.
718 240 769 296 uu
817 316 820 321 ,

137 448 141 452 ’
196 466 224 497 ν
274 443 341 509 Ibd.
366 443 396 522 3,
419 443 460 505 20
481 439 690 508 scribendum:
722 433 795 505 ἀλλ’
816 437 935 531 οὗτοι
966 447 1034 526 (pro
1066 430 1174 522 οὗτοι)
1197 440 1240 512 oio

176 537 310 624 τίδιῑιν,
331 553 363 614 εἰ
384 554 416 614 οἱ
438 540 664 633 κυκλούμενοι
692 547 900 613 κυκλωθεῖεν
923 547 1079 628 (nesciunt
1099 548 1241 629 fortasse,

175 663 271 735 num).
313 655 421 739 Neque
453 657 534 721 enim
565 656 598 718 iu
630 653 774 718 minando
811 653 884 736 poni
905 656 1008 736 potest
1040 654 1165 720 stanno
1197 652 1238 722 ἄν

175 764 316 836 (fortasse
340 780 410 827 cum
433 781 486 827 suo
508 761 590 826 malo
612 759 732 838 soient).

274 869 342 934 Lib.
363 869 439 947 Vll,
473 869 507 945 l,
533 867 588 930 36:
612 857 829 938 εἰσπεσόντος
851 865 1014 932 παίουσιν
1043 860 1242 952 σῖῳορόντος

175 979 229 1042 καὶ
253 967 402 1043 πολλούς
432 972 705 1038 κατακαίνουσιν.
754 964 923 1056 Ἀῳυρᾶν,
947 972 1027 1054 quod
1049 976 1099 1038 est
1125 975 1240 1040 elon·

174 1083 320 1167 ginquo
342 1077 492 1156 videro,
514 1097 568 1160 pro
589 1097 640 1152 eo,
663 1077 745 1161 quod
772 1079 820 1143 est
840 1097 1020 1144 aversum
1044 1098 1149 1158 csse,
1182 1081 1239 1146 dici

174 1207 264 1274 posse
285 1203 408 1270 prorsus
429 1183 564 1266 fingItur.
592 1183 677 1248 Son:
702 1176 980 1267 α’ποροῦντος.
1013 1183 1127 1250 Contra
1149 1184 1170 1272 ξ
1191 1187 1238 1260 40,

174 1294 227 1359 ubi
249 1294 313 1357 est:
336 1278 428 1362 οὗτοι
451 1289 484 1355 δὲ
513 1284 630 1372 ἐπειδη
661 1282 874 1374 ἠποροῦντο,
903 1283 1085 1356 ποντόθεν
1117 1287 1241 1360 κύκλον

174 1392 400 1484 ποιησόμενοι
429 1445 437 1461 .
462 1442 470 1458 .
492 1443 499 1459 .
522 1390 590 1461 ύπό
613 1410 688 1469 τοῖς
709 1390 850 1463 οἷσπίοιν
872 1389 1063 1481 ἑκόθηντο,
1086 1400 1120 1463 ci
1140 1420 1190 1465 res
1210 1404 1239 1464 et

174 1503 351 1570 adverbium
384 1500 579 1580 ποντόθεν,
618 1503 698 1586 quod
733 1503 814 1586 apud
846 1497 971 1569 κύκλον
1012 1502 1241 1590 ποιησόμενοι

174 1612 280 1676 vitioso
301 1607 447 1684 abundat,
468 1607 648 1687 ostendunt,
666 1610 779 1693 opinor,
802 1610 999 1676 scribendum
1009 1629 1097 1675 esse:
1122 1608 1239 1695 ἐπειδή

174 1710 417 1801 η’ρημούντο
441 1707 633 1790 ποντόθεν,
658 1708 782 1781 κύκλον
804 1710 1044 1803 ποιησόμενοι.
1159 1778 1161 1783 .

215 1823 216 1826 ’
275 1822 340 1888 1de
370 1823 405 1894 5,
438 1820 457 1882 9
485 1821 694 1886 scribendum:
729 1822 1066 1906 διαμετρησαμένους
1109 1822 1145 1888 δὲ
1178 1819 1239 1911 χρη

175 1924 219 2003 ός
240 1923 378 2015 τοίχιοτο
401 1924 440 1992 τό
451 1929 554 2010 μέρος
576 1921 784 2003 ἑκάστους
809 1923 910 2013 ἡμῶν
932 1922 1089 2013 ὀρύττειν
1110 1923 1240 2014 τάφρον

174 2055 227 2120 pro
258 2028 410 2102 ἐκοίοτου.
453 2033 561 2115 Neque
593 2035 674 2099 enim
707 2035 745 2100 do
773 2035 963 2122 singulorum
985 2037 1082 2118 parte,
1116 2036 1173 2100 sed
1204 2037 1242 2100 de

175 2143 354 2226 populorum
373 2139 491 2222 agilum
515 2141 546 2203 et
567 2142 648 2206 solet
669 2141 729 2206 dici
761 2141 901 2206 absoluto
924 2137 963 2206 τό
999 2144 1102 2226 μέρος
1124 2142 1163 2207 do
1187 2161 1243 2208 suu

176 2249 321 2330 cuiusque
343 2248 439 2329 parte.

274 2352 341 2418 Ibo.
369 2355 389 2430 ἓ
417 2351 465 2414 25.
496 2349 622 2415 Codices
660 2352 821 2418 meliores:
860 2347 961 2419 ουίλὲν
993 2347 1038 2420 όν
1065 2356 1118 2439 εἴη
1149 2363 1240 2422 θου-

173 2455 328 2544 μοστόν,
366 2461 397 2523 εἰ
433 2459 486 2521 κοί
515 2452 684 2521 ἄκλειστοι
713 2463 747 2523 οἱ
776 2452 882 2525 πύλαι
910 2466 946 2525 αἱ
975 2462 1037 2526 τού
1061 2464 1240 2545 βασιλείου

174 2566 244 2632 οἷον
267 2559 311 2637 ός
333 2570 369 2629 ἐν
397 2558 496 2649 κόμῳ
528 2562 619 2628 δοκεῖ
643 2560 708 2650 yolo
739 2560 761 2648 ἡ
794 2572 886 2644 (unus
909 2568 1097 2651 κωμοιλοκεῖ
1115 2563 1182 2655 γοίρ
1204 2561 1252 2653 oi)-

174 2667 274 2744 πόλις
296 2672 388 2737 πᾶσο
412 2669 492 2756 τῇδε
514 2669 557 2758 τῇ
579 2670 686 2736 νυκτί.
729 2670 860 2735 Videtur
895 2673 1036 2738 subesse:
1066 2722 1105 2739 ..
1131 2723 1139 2738 .
1170 2674 1238 2740 εἶεν

174 2774 217 2852 οἷς
239 2770 412 2865 ἐννόμῳ·
436 2769 653 2861 εύωχσῐτοι
674 2770 739 2862 μόρ
761 2770 784 2860 ἦ
806 2770 913 2851 πόλις.
961 2778 1064 2854 Certe,
1099 2783 1152 2863 qui
1174 2775 1239 2867 yoio

172 2886 285 2951 tollunt
305 2886 359 2949 aut
379 2882 466 2949 εἶναι
488 2881 614 2961 addunt,
637 2901 696 2947 nou
716 2883 874 2964 probandi.

272 2990 338 3056 lbd.
371 2993 392 3071 ὅ
428 2990 477 3053 56.
525 2987 650 3053 Codices
686 2989 846 3055 meliores:
882 2991 948 3057 νόν
984 2993 1018 3057 δὲ
1062 2994 1139 3057 ἐπεὶ
1176 2985 1239 3059 σόν

171 3093 285 3183 τρόπῳ
315 3090 410 3181 μόνῳ
433 3103 517 3181 ἔχεις
541 3093 608 3173 (alii
630 3087 690 3181 ούχ
712 3090 800 3160 ούτω
832 3087 964 3179 τρόπον
992 3090 1105 3180 μόνον
1127 3103 1235 3186 ἔχεις),

173 3199 258 3269 α’λλό
282 3206 337 3268 κοί
359 3199 483 3274 ἄλλους
518 3194 736 3267 α’νοκτᾶσθοι
770 3195 912 3267 ιλύνοισοι
948 3198 1009 3275 οὓς
1032 3200 1150 3288 καιρός
1171 3211 1235 3289 εἴη,

173 3308 238 3395 η’δη
272 3311 326 3375 κοί
360 3308 469 3381 οἰκίας
502 3333 537 3372 σε
569 3322 682 3392 τυχεῖν
713 3305 815 3383 ἄξιον.
867 3309 936 3372 Nou
969 3309 1072 3392 agitur
1102 3312 1141 3377 de
1167 3314 1236 3378 aliis

177 3416 381 3493 conciliandis,
404 3414 458 3478 sed
484 3414 521 3478 de
543 3415 591 3491 iis,
615 3433 688 3497 quos
710 3413 866 3496 placuerit,
895 3413 927 3475 et
947 3414 1083 3481 moribus
1113 3421 1146 3483 et
1167 3419 1237 3483 aliis

170 3524 261 3588 rebus
283 3520 485 3586 conciliandis.
528 3519 642 3586 Scrib.:
665 3521 733 3584 νόν
758 3511 787 3582 d’
816 3518 890 3581 ἐπεὶ
920 3511 962 3581 ου’
983 3514 1098 3609 τρόπῳ
1125 3517 1235 3608 μόνῳ,

172 3624 216 3693 ὃν
256 3637 354 3714 ἔχοις,
387 3619 473 3691 α’λλό
497 3627 551 3692 κοί
574 3623 715 3696 ἄλλοις
737 3617 953 3688 α’νοκτᾶσθοι
993 3619 1138 3695 δύνασαι
1174 3625 1235 3702 οὓς

123 3751 125 3755 ·
171 3734 298 3818 καιρός,
323 3736 375 3817 εἴη
397 3727 448 3799 όν
470 3730 534 3817 η’δη
557 3779 564 3793 .
588 3778 595 3792 .
619 3727 753 3805 σύειον,

269 3839 343 3904 Liu-
360 3840 445 3917 VIII,
467 3839 497 3914 3,
522 3840 558 3901 8:
575 3834 646 3899 Ἤν
666 3856 736 3919 μου
758 3822 1001 3916 κατηγορήσῃς,
1024 3830 1077 3901 ὅτι
1101 3841 1234 3925 αἵρεσίν

170 3944 362 4020 noviduno,
390 3950 439 4017 είς
466 3935 573 4016 αὖθις
602 3936 686 4005 ὅταν
712 3936 856 4002 διακονῶ
863 3981 875 4012 ,
902 3939 1000 4022 ἑτέρῳ
1027 3965 1089 4022 μοι
1116 3943 1232 4031 χρήσει

170 4047 325 4136 διακόνῳ.
368 4050 428 4115 Pro
451 4054 558 4135 ἑτίρῳ,
581 4045 662 4131 quod
683 4042 848 4108 insolenter
867 4060 923 4123 pro
946 4049 1091 4128 ἑτεροῖος
1119 4051 1234 4118 dicitur
