2580 4530
570 296 631 352 bib·
649 300 671 352 1.
1046 301 1104 363 les

176 496 297 580 oxvn)
318 496 412 563 Libro
427 497 521 562 XVII
540 515 569 579 p
589 495 653 560 836
674 499 707 565 in
728 499 932 584 descriptione
951 521 1010 567 orae
1032 502 1147 567 Africae

72 604 112 669 ad
132 604 336 670 occidentem
357 602 486 688 (tyrone
512 603 578 668 hec
604 602 760 688 leguntur:
796 601 898 672 'Ecca
921 607 956 673 dl
977 603 1065 691 ἄκρα
1089 609 1148 672 λε-

72 712 209 797 γομένη
251 703 506 790 Ψσνδσπσνιιίς,
541 701 592 794 ἐφ’
622 697 667 794 ἧς
696 704 719 796 ἦ
748 713 916 801 Βερενίκη
939 709 1016 797 ’τήν
1047 717 1147 779 θέσιν

73 839 140 903 exse
164 810 262 901 napi
287 816 416 901 λίμνην
437 813 514 881 cccci
532 815 730 898 Τριτωνίδα,
755 822 792 881 ἐν
813 805 1002 902 ᾖμσίλισσα
1027 819 1147 904 νησίον

73 925 145 989 ioci
170 924 229 988 sci
254 917 348 1007 ἱερὸν
374 922 436 1007 τῆς
458 916 664 1006 Ἀφροδίτης
691 928 728 987 ἐν
755 918 858 1008 αὐτῷ.
909 925 996 990 Nihil
1013 927 1146 993 omnino

72 1030 135 1096 loci
146 1029 248 1094 habet
265 1023 416 1119 μάλισηο
440 1029 545 1112 (quad
561 1027 658 1092 dous·
679 1028 832 1094 lscnst
784 1032 832 1095 est
853 1030 915 1095 et
905 1051 939 1095 1n
961 1050 997 1096 eo
1019 1032 1162 1147 potissi--

73 1154 164 1200 mum
183 1135 324 1214 insula);
346 1135 454 1201 subest
475 1153 586 1200 nomen
605 1134 716 1200 insulae
736 1136 887 1218 ignotum.

177 1240 312 1319 (XVIII)
336 1240 511 1324 Antequam
523 1260 542 1305 a
555 1240 706 1305 Strabone
722 1239 856 1316 discedo,
877 1241 990 1306 addam
1008 1243 1144 1315 eiusdem

72 1347 180 1411 rnltinn
201 1346 275 1411 libri
293 1347 407 1421 locum,
430 1347 463 1410 in
486 1365 543 1429 qno
563 1364 624 1411 non
646 1364 754 1410 nomen
775 1346 940 1429 proprium,
964 1349 1018 1413 sed
1040 1352 1144 1414 brnen

72 1470 203 1536 prorsus
228 1451 337 1516 eodem
357 1452 451 1518 modo
470 1451 656 1534 appellativa
676 1470 732 1517 nox
753 1452 849 1516 rarior
870 1454 945 1518 certi
965 1455 1025 1519 loci
1044 1455 1144 1530 index,

71 1559 248 1623 substituto
269 1560 441 1642 pervagato
464 1557 621 1632 vocabulo,
651 1558 774 1623 sublata
795 1559 860 1632 est,
889 1560 969 1642 quod
997 1562 1144 1627 mendum

71 1685 146 1731 cum
187 1666 317 1731 subesse
349 1665 382 1727 et
409 1663 514 1728 locum
532 1662 697 1745 ¹quendam
726 1663 894 1748 significari
922 1666 1145 1750 intellegerem,

70 1773 126 1837 diu
148 1790 268 1837 nomen
283 1768 443 1852 propn'um
455 1768 739 1852 frustraanquisivi
762 1769 857 1835 donec
882 1790 954 1836 casu
974 1772 1012 1848 iu,
1029 1773 1145 1836 rectem

71 1880 160 1943 riam
174 1864 329 1942 deductus
343 1894 424 1940 snm.
466 1873 547 1938 Nem
562 1893 592 1956 p.
603 1874 664 1937 831
680 1873 790 1940 Strabo
808 1876 900 1942 urbes
915 1877 981 1942 eins
991 1876 1144 1947 Numidiae

70 1984 188 2067 partis,
223 1984 255 2047 in
286 1999 346 2064 qua
372 1981 475 2046 Caesar
499 1981 615 2046 bellum
645 1984 751 2045 contra
773 1979 946 2063 Scipionem
974 1985 1006 2049 et
1035 1985 1144 2049 lnbem

69 2090 238 2174 gessisset,
259 2087 421 2170 plerasque
436 2099 555 2151 eremas
570 2089 604 2151 et
617 2085 736 2159 deletas
751 2086 866 2163 scribit,
878 2105 941 2173 ‚eas
953 2106 1082 2170 qnoque,
1104 2089 1144 2155 ad

70 2215 151 2279 quas
174 2195 281 2260 Caesar
301 2192 476 2275 Scipionem
498 2193 637 2258 vicisset:
671 2193 984 2277 σννηφσνίσθησαν
1005 2193 1039 2259 δὲ
1071 2208 1142 2267 τοῖς

69 2296 222 2387 {reperior
250 2302 305 2364 νολ
334 2304 369 2365 αἱ
397 2291 531 2372 πόλεις,
565 2299 727 2371 Τισιασὺς
752 2348 758 2361 .
784 2346 791 2361 .
815 2345 822 2360 .
846 2345 854 2361 .
878 2302 933 2366 καί
956 2294 1063 2368 Zc'ssa
1086 2304 1140 2366 καί

70 2411 184 2495 Ζίηχα
216 2406 270 2470 καί
298 2402 385 2489 πρὸς
413 2402 466 2478 οἷς
490 2408 751 2490 κατεπολέμησε
766 2408 901 2492 Καῖσαρ
926 2409 1101 2474 Σκιπίωνα
1123 2402 1141 2473 ὁ

71 2512 180 2588 ὅσος,
219 2509 303 2596 πρός
324 2508 520 2597 Ῥοσσσσίνῳ
548 2518 613 2593 μὲν
640 2513 777 2595 πρῶτον
805 2516 924 2588 νικῶν,
953 2514 1024 2580 εἶτα
1056 2511 1142 2596 πρός

72 2615 255 2702 (legisses,
284 2619 357 2685 εἶτα
390 2615 477 2703 πρὸς
501 2613 609 2703 Θάψῳ
637 2621 692 2684 καί
720 2621 762 2705 τῇ
790 2622 937 2702 πλησίον
960 2623 1065 2708 λίμνη
1088 2625 1140 2688 καί

70 2742 149 2801 ταῖς
173 2723 304 2798 ἄλλοις.
354 2727 588 2791 Perversissime
614 2727 646 2790 in
674 2725 821 2790 distincta
841 2727 936 2793 trium
964 2727 1141 2810 proeliorum

71 2832 311 2900 enumeratione
322 2833 388 2897 eius
401 2832 483 2897 urbis
497 2833 622 2906 nomini,
645 2832 683 2896 ad
704 2831 783 2914 qued
804 2833 958 2914 postremo
970 2837 1140 2918 pugnatum

71 2943 135 3013 est,
167 2937 304 3002 adhaeret
328 2937 406 3001 illud
433 2938 589 3003 infinitum
618 2940 671 3002 uel
701 2951 776 3009 ταῖς
805 2935 956 3012 ἄλλοις..
990 2940 1072 3004 Nam
1099 2943 1141 3028 τη

73 3046 227 3126 πλησίον
251 3042 356 3129 λίμνη
377 3043 445 3107 ideo
471 3044 609 3120 additur,
640 3034 722 3127 quod
745 3046 826 3109 circe
847 3047 955 3110 urbem
981 3048 1012 3110 et
1039 3046 1141 3111 lacum

72 3153 215 3216 usinum
235 3152 406 3233 pugnatum
428 3151 490 3224 est,
515 3151 552 3213 ut
573 3171 609 3216 er
629 3149 703 3214 belli
725 3150 862 3215 Africani
882 3151 974 3218 libro.
998 3151 1050 3233 qui
1072 3170 1140 3214 cum

73 3258 210 3323 Caesaris
241 3256 472 3322 commentariis
499 3259 638 3322 servatus
666 3259 729 3331 est,
765 3259 893 3323 constat
949 3257 1046 3337 Atqui
1076 3256 1140 3320 eius

148 3550 178 3602 iu
199 3552 355 3616 pronomine
373 3552 436 3618 hoe,
462 3552 532 3620 quod
551 3569 603 3620 quo
621 3551 752 3607 referatur
769 3570 823 3607 non
841 3550 934 3613 habet,
960 3567 1057 3604 nomen
1076 3569 1139 3620 pro·

148 3642 239 3711 prium
261 3643 384 3707 subesse,
408 3645 463 3699 iam
485 3645 534 3699 alii
551 3645 749 3700 intellexerunt.
777 3646 944 3711 (Kramcrns,
973 3659 1026 3712 que
1045 3647 1088 3698 cst
1104 3643 1139 3699 ed

148 3734 319 3790 librariorum
339 3754 439 3791 errores
458 3737 637 3793 defendendos
656 3737 776 3807 fingendi
797 3736 920 3798 levitate,
949 3735 1037 3801 ,haud
1055 3752 1140 3805 pauca

149 3830 280 3897 praterea
297 3829 475 3899 neglegentia
498 3831 613 3899 vestigia
635 3831 664 3885 in
689 3832 739 3885 hec
761 3828 932 3883 Straboniani
955 3828 1042 3899 operis
1064 3830 1140 3898 parte

149 3920 265 3974 offendi“
291 3925 390 3976 narret.
432 3923 648 3978 Huiusmodinei
685 3924 786 3978 Saltem
809 3938 893 3975 unum
919 3922 1070 3991 exemplum
1093 3936 1139 3989 po·

147 4012 271 4072 suisset.)
302 4015 413 4069 Littera
431 4015 512 4086 longe
529 4017 656 4071 recedunt
673 4018 707 4071 ab
725 4032 764 4080 eo,
784 4014 854 4084 qnod
872 4014 980 4070 subesse
999 4015 1139 4084 suspicere,

151 4106 398 4170 Πολύκλειτος
418 4113 457 4177 (p.
477 4111 536 4171 728,
556 4111 616 4173 735,
633 4109 680 4164 nbi
698 4108 774 4163 codd.
796 4106 973 4176 Πολύκριτος,
993 4110 1067 4173 λθ).
1105 4134 1109 4139 ·

1276 3990 1285 4055 l
