2580 4530
224 254 285 317 188
653 255 718 312 lib.
736 256 774 314 11.

184 458 293 520 αἰνεῖν
314 449 391 520 τινά
410 479 503 528 τινος
516 445 623 535 ’(νθίσλ
645 457 862 542 προθυμίας)
891 463 958 525 eto
985 463 1135 535 contrario
1156 468 1243 552 μίμ-

184 562 312 644 φεοθαί
333 584 419 636 τινα,
448 555 647 648 ὀργίζεσθαί
666 564 734 630 τινί
750 590 854 639 τινος.

284 667 375 751 Pyth.
398 668 483 750 vni,
507 669 565 735 77:
740 672 872 756 δαίμων
894 673 926 738 dt
950 674 1120 760 παρίσχει,

234 767 346 840 ἄλλοτ’
368 770 474 840 ἄλλον
495 769 640 856 ὕπερθε
656 767 806 860 βάλλων,
829 775 935 844 ἄλλον
958 775 986 846 δ’
1008 775 1078 847 tired
1100 760 1222 869 χειροῖν

188 911 189 915 ’
228 886 354 968 ’μέτρον
375 880 586 966 καταβαίνει.
610 885 646 946 ἐν
670 875 842 968 Μεγάροις
864 879 895 950 d’
919 893 1003 971 ε”χεις
1024 887 1246 974 νίραςιιαλ.

185 989 236 1055 Sic
260 989 378 1054 codices
401 991 470 1069 (aut
490 988 614 1074 μέτρῳ)
636 989 755 1067 vitiose,
777 991 896 1074 syllaba
909 992 1096 1059 etiamdvin
1110 999 1246 1066 extremo

184 1116 273 1170 versu
301 1097 484 1164 abundant.
523 1100 643 1164 (Recte
672 1097 840 1179 superiores
872 1097 1089 1164 intellexerant
1116 1101 1247 1170 fortuna

183 1202 421 1269 inconstantiam
448 1205 614 1290 significari
641 1203 799 1286 dupliciter
826 1206 857 1268 et
886 1204 919 1268 in
942 1206 1123 1273 extollendis
1144 1209 1248 1276 homi-

187 1308 279 1372 nibus
310 1311 460 1395 (athletis)
492 1312 524 1376 et
549 1312 581 1374 in
609 1309 799 1392 premendiS,
836 1328 928 1393 eoque
955 1312 1108 1394 pertinere
1143 1333 1246 1382 κατα-

184 1414 303 1493 βαίνει
326 1416 469 1494 uerbum3
506 1417 560 1481 sed
587 1434 681 1498 prave
708 1416 766 1480 hoc
799 1434 853 1498 pro
881 1417 1043 1483 transitivo
1078 1420 1249 1504 accipiunt.

187 1519 401 1585 Scribeudum:
991 1524 994 1528 ’

587 1622 712 1699 ἄλλος
735 1619 764 1691 d'
789 1621 857 1692 c‘rrd
882 1629 1000 1714 χειρῶν

232 1742 240 1751 ”
319 1737 444 1817 μεόρον
470 1734 682 1818 ιιαιαβαίνεα
728 1727 901 1820 Μεγάροις
924 1739 957 1798 κέ
976 1761 1004 1800 c.
1028 1738 1056 1800 λ.

185 1839 244 1904 hoc
266 1843 325 1917 est,
351 1832 430 1906 alius
455 1840 611 1919 (certando
633 1840 664 1903 in
685 1839 879 1917 ludistinira
899 1861 1076 1907 mensuram
1097 1861 1248 1909 manuum

186 1945 351 2010 et‘ririum
381 1947 548 2012 descendit.
591 1946 642 2025 (In
663 1945 788 2030 Bergkii
816 1948 998 2012 correctione
1026 1949 1058 2013 et
1086 1943 1193 2016 ἄλλον
1218 1943 1249 2016 d'

183 2046 253 2117 o‘rrd
265 2054 393 2137 χειροῖν,
418 2052 520 2118 audito
531 2047 676 2137 βάλλων,
691 2071 819 2133 pravum
836 2054 885 2118 est·
895 2054 927 2118 et
936 2056 1047 2139 μέτρῳ
1062 2049 1248 2140 suscipiere?

185 2157 217 2220 et
241 2157 392 2223 retinetur
412 2154 610 2227 manifestum
633 2157 877 2223 additamentum
901 2164 947 2236 ἐν,
970 2160 1051 2242 quod
1073 2164 1246 2245 superiores

185 2263 396 2341 sustulerant.)

285 2361 395 2432 Isth'm.
419 2368 467 2430 ΙΙΙ
489 2368 567 2449 (IV),
593 2369 632 2431 53
656 2367 738 2451 (35):

414 2474 484 2537 i'ora
505 2468 580 2555 μάν
600 2476 752 2546 Αἴαντος
775 2467 884 2539 α’λιιοίν
909 2476 1052 2559 φοίνιον,
1075 2471 1141 2540 τάν
1162 2469 1245 2558 σ’φίςι

186 2583 222 2640 ἐν
244 2579 339 2642 aerest
363 2573 482 2660 ιαμάν
495 2581 572 2664 περί
588 2569 799 2666 ᾧφασγοίνῳ,
821 2576 968 2666 μομφάν
983 2589 1048 2668 ἔχει
1063 2582 1245 2648 παίδεσσιν

499 2683 501 2689 “
618 2680 805 2763 Ἑλλάνων,
830 2683 903 2755 ὅσοι
933 2680 1084 2773 Τρῴανδ’
1108 2691 1202 2765 ἔβαν.

284 2788 353 2854 Non
375 2808 430 2872 per
453 2811 486 2856 sc
509 2793 639 2877 φοίνιος
652 2796 719 2860 erat
735 2796 886 2867 Αἴαντος
907 2786 994 2880 riter}
1017 2812 1116 2877 neque
1138 2794 1244 2875 aptum

186 2895 306 2959 videtur
338 2895 454 2960 nudum
490 2891 568 2965 illud
604 2893 714 2984 α’λιιήν
741 2903 880 2985 τέμνειν
907 2903 985 2986 περὶ
1017 2889 1042 2988 oi
1069 2892 1242 2986 φασγάνῳ.

181 3001 323 3065 Rectum
341 2999 412 3065 erit:

360 3136 362 3142 ¹
409 3110 479 3175 ίσιε
500 3105 574 3195 μάν
596 3115 747 3186 Αἴαντος
769 3107 891 3191 α’λιιοίν,
915 3115 1050 3199 φοίνιον
1071 3107 1137 3177 σάν
1161 3105 1245 3193 ὀψία

277 3218 313 3278 ἐν
334 3215 430 3280 couci
453 3211 574 3300 σαμοίν
596 3243 625 3285 κ.
648 3245 678 3284 c.
705 3223 733 3285 λ.

187 3317 268 3383 Nam
291 3312 399 3404 α’λιιήν
421 3315 562 3407 τέμνειν
585 3324 720 3405 φοίνιον
742 3326 790 3390 est
810 3325 946 3391 feriendo
968 3327 1138 3390 cruentare.

285 3426 383 3492 Venio
406 3423 445 3494 ad
467 3429 600 3494 scenicos
621 3433 738 3511 poetas,
760 3431 792 3493 in
814 3431 923 3512 quibus
945 3430 1149 3514 multiplicem
1171 3446 1245 3492 oon·

187 3536 306 3601 iectura
333 3535 494 3608 materiam
521 3536 616 3600 habet
643 3538 676 3599 et
703 3555 778 3618 quos
807 3536 972 3601 studiosius
999 3535 1246 3619 frequentiusque

188 3659 279 3723 quam
291 3643 458 3708 Pindarum
470 3640 611 3714 tractavi,
632 3659 689 3705 nec
710 3643 816 3706 tamen
838 3642 892 3719 ita,
914 3643 949 3706 ut
970 3643 1125 3725 propriam
1149 3660 1246 3724 quau·

189 3745 260 3811 dam
294 3748 327 3811 ot
360 3749 546 3830 praecipuam
580 3746 615 3810 in
648 3745 686 3812 iis
721 3746 891 3811 studiorum
924 3747 1029 3821 sedem
1066 3747 1245 3813 collocarem

187 3852 416 3936 tractandoque·
438 3855 471 3920 et
504 3851 669 3918 enarrando
704 3852 824 3916 sabulos
856 3870 944 3933 pane
972 3852 1150 3918 ediscerem.
1210 3855 1245 3917 ln

189 3975 240 4022 eos
274 3977 340 4040 qua
374 3962 471 4042 nuper
487 3958 646 4044 *ingruerit
676 3956 834 4022 hominum
871 3957 1003 4041 alioquin
1030 3958 1187 4025 doctorum
1216 3962 1247 4024 et
