2580 4530
150 246 213 309 464
572 247 631 303 Lib.
650 249 701 303 111.

110 465 203 512 uuam
224 465 332 513 vooom
352 447 566 513 Aristoteliam
592 447 732 514 conflatis
762 442 1167 534 άνομαλιοθηοομέ-

110 576 203 637 νην;
238 571 312 618 usus
334 551 416 618 enim
444 573 479 631 oo
507 553 598 620 verbo
632 554 669 618 de
698 556 882 639 exaequando
916 556 1042 634 (eadem
1062 555 1169 632 formu,

110 679 170 744 qua
180 652 470 746 α’νομολογοὺμαι,
492 660 577 739 floro)
588 659 773 727 Aristoteles
787 663 899 730 rhetor.
915 659 1169 744 111,11p.1412,
1219 660 1222 666 ’

110 766 301 832 substantivo
323 758 538 848 ἀνομάλωσις
557 765 616 833 noo
635 764 703 850 ipso
725 765 804 832 libro
827 787 852 832 o.
873 768 910 830 12
933 768 991 834 sub
1011 750 1171 835 finBelrlr.

112 871 325 956 (assae.
1097 956 1102 963 ,

211 978 279 1044 Ibd.
302 997 330 1044 a.
353 978 372 1041 6
406 977 464 1045 sub
483 977 539 1044 liu.
573 976 619 1057 (8,
643 978 712 1056 le),
744 978 798 1044 ubi
819 977 1003 1048 Aristoteles
1039 977 1172 1044 formam

112 1086 239 1149 senatus
262 1083 385 1169 legendi
405 1102 425 1150 a
443 1082 574 1150 Plutone
602 1082 635 1149 in
663 1083 744 1170 legg.
765 1084 835 1149 libr.
856 1085 901 1149 VI
921 1103 950 1166 p.
973 1084 1036 1148 756
1059 1085 1086 1148 Β
1108 1103 1172 1169 sqq.

111 1191 300 1273 propositam
321 1189 432 1268 reddit,
461 1189 637 1272 comparato
658 1188 796 1256 Platonis
817 1192 894 1267 loco,
922 1189 1060 1273 primum
1079 1189 1173 1263 initio,

111 1296 165 1362 ubi
186 1296 302 1362 editur:
330 1294 507 1380 αἱροῦνται
534 1297 600 1379 μὲν
621 1291 686 1382 γάρ
708 1289 837 1370 πάντες
859 1290 1073 1382 ἐπάναγκες,
1104 1285 1173 1360 ἄλλ’

113 1409 149 1468 ἐν
172 1404 234 1469 τοῦ
256 1397 392 1487 πρώτον
412 1394 616 1486 τιμήματος.
641 1403 811 1468 tollendum
833 1396 923 1483 ἀλλ’,
949 1401 1032 1486 qued
1052 1419 1174 1492 prorsus

113 1509 298 1581 sententiam
320 1508 433 1587 turbat,
456 1509 515 1574 nisi
536 1508 568 1574 id
584 1508 685 1590 potius
705 1528 741 1574 ex
758 1514 831 1576 uota
841 1509 896 1576 XC
915 1509 998 1574 male
1019 1508 1174 1574 intelloote
1220 1510 1226 1519 '

113 1616 213 1680 ortum
236 1616 297 1690 est3
330 1633 402 1679 nam
435 1632 596 1677 numemm
622 1613 673 1679 hio
699 1614 832 1699 positum
855 1616 967 1695 fuisse,
1002 1615 1175 1701 signifieare

113 1719 243 1799 videtur,
266 1721 347 1804 quod
359 1720 513 1804 sequitur:
536 1718 608 1784 εἶτα
625 1712 733 1786 πάλιν
748 1723 844 1796 ἴοοος
859 1727 895 1788 ἐκ
916 1721 979 1788 τοῦ
1002 1715 1172 1805 δευτέρον.

113 1823 237 1906 (Plator
270 1818 386 1910 φέρειν
414 1817 618 1909 ἐνενήκοντα
648 1821 856 1913 βουλευτάς·
888 1828 1026 1913 πρῶτον
1052 1831 1120 1914 μὲν
1141 1832 1173 1892 ἐκ

114 1932 183 1996 τών
204 1931 375 2018 μεγίστων
396 1925 600 2018 τιμημάτων
622 1930 780 2009 ἅπαντας
804 1930 921 2020 φέρειν
941 1940 975 2011 ἐξ
998 1927 1173 2021 ἀνάγκης.)

114 2036 233 2101 Deinde
264 2039 353 2122 pergi
377 2039 428 2104 'sie
455 2039 559 2105 debet:
594 2037 654 2105 εἶτ’
687 2047 722 2107 ἐτι
744 2042 813 2107 τῶν
845 2042 967 2128 τρίτων
1001 2035 1044 2109 οὐ
1072 2040 1175 2108 πᾶσιν

115 2134 304 2230 ἐπάναγκες
336 2139 429 2230 πλην
466 2158 538 2218 τοῖς
568 2151 604 2210 ἐκ
637 2146 705 2211 των
737 2148 848 2233 τριῶν.
896 2149 1011 2234 Vulgo:
1048 2139 1109 2214 εἶτ’
1142 2152 1174 2213 ἐκ

113 2249 181 2316 τῶν
202 2249 338 2336 τρίτων
366 2245 459 2335 πλην
485 2245 528 2317 οὐ
551 2251 656 2318 πᾶσιν
678 2246 869 2339 ἐπάναγκες
887 2244 934 2337 ἦν
953 2267 1028 2326 τοῖς
1052 2261 1088 2320 ἐκ
1110 2253 1175 2320 τῶν

114 2356 236 2441 τρίτων
267 2350 291 2442 ἢ
324 2350 504 2441 τετάρτων.
549 2359 666 2436 (Plato
703 2361 802 2445 τρίτη
825 2357 859 2423 δὲ
891 2363 927 2423 ἐκ
957 2360 1028 2426 τῶν
1056 2361 1176 2446 τρίτων

115 2455 316 2546 τιμημάτων
338 2465 450 2548 φέρειν
480 2466 546 2546 μὲν
578 2462 639 2528 τόν
669 2457 899 2548 βουλόμενον,
936 2458 1175 2553 ἐπάναγκεςιί

115 2568 202 2635 εἶναι
230 2582 301 2642 τοῖς
331 2570 398 2634 τῶν
427 2570 529 2654 τριῶν
559 2563 785 2654 τιμημάτων.)
836 2573 1013 2638 Postremo:
1056 2565 1117 2639 εἶτ’
1143 2579 1174 2638 ἐκ

184 2878 349 2948 argutiarum
368 2878 550 2947 promptuario
569 2876 611 2944 (de
624 2878 719 2946 partio.
730 2877 766 2933 ἄν
784 2877 872 2946 libris)
890 2879 976 2948 polita
994 2883 1043 2934 aut
1061 2879 1096 2934 ab
1113 2880 1177 2950 ipsis

186 2969 335 3024 editoribus
353 2972 515 3042 excogitate.
552 2970 659 3023 Vellem
680 2970 875 3037 attendissent,
901 2970 1032 3026 detrustis
1050 2973 1087 3027 iis
1105 2972 1177 3036 loeis,

185 3063 214 3116 in
233 3062 331 3131 quibus
349 3063 386 3129 is,
414 3079 493 3132 quem
511 3063 555 3117 hio
578 3063 684 3128 notavi,
711 3080 784 3117 orror
807 3067 855 3117 aut
877 3064 1033 3118 simillimus
1058 3068 1178 3120 versatus

186 3158 228 3209 est
247 3156 336 3224 (velut
351 3153 433 3211 οὐδὲν
444 3151 478 3209 ἄν
492 3171 539 3223 pro
553 3153 674 3225 οὐδένα),
694 3157 782 3209 autin
794 3157 892 3226 quibus
905 3172 947 3211 res
959 3158 1077 3213 vertitur
1088 3160 1119 3215 in
1128 3175 1179 3214 unu

186 3249 271 3302 vocali
290 3248 467 3318 (ποιήσοντας
487 3245 529 3309 ἄν,
549 3248 732 3318 ποιησόμενος
751 3246 787 3304 ἄν
805 3267 852 3319 pro
865 3249 1043 3319 ποιήσαντας,
1062 3251 1178 3322 ποιησά-

187 3344 288 3410 μενος),
317 3357 375 3409 qua
404 3340 599 3409 relinqueretur
624 3341 839 3396 testimoniorum
866 3342 986 3397 materia.
1037 3343 1179 3399 Plutarchi

187 3434 327 3489 Camillo.
342 3435 377 3488 42
397 3431 475 3486 scrib.
494 3434 695 3502 μαχησαμένσον
715 3431 750 3488 ἂν
770 3435 878 3506 βέλτιον
899 3450 946 3503 pro
970 3437 1178 3504 μαχησομένων,

187 3525 244 3582 Cic.
263 3542 285 3580 e.
301 3529 319 3582 3
337 3527 371 3581 ἄν
390 3525 547 3592 tollendum,
567 3528 656 3580 ortum
682 3543 713 3580 ex
741 3526 823 3601 αὐτῷ,
842 3527 922 3597 Agid.
939 3544 961 3583 ο.
982 3529 1016 3586 13
1038 3528 1177 3590 incertum,

187 3622 279 3672 utrum
295 3619 482 3689 ἐνδεξαμένων
501 3618 668 3673 scribendum
682 3619 763 3673 sitan
775 3619 923 3673 tollendum
944 3615 979 3674 ἄν
997 3623 1061 3675 anto
1080 3619 1178 3676 αὐτῶν.

144 3709 168 3778 ¹)
186 3710 335 3765 Admodum
347 3712 428 3765 miror
436 3711 610 3781 Spengelium
619 3715 647 3766 et
656 3714 685 3766 in
695 3712 795 3767 rhetor,
804 3713 896 3765 contre
905 3711 1009 3766 codices
1021 3708 1180 3782 oportunus

187 3803 323 3871 scripsisse
341 3807 369 3857 ot
386 3804 490 3872 politio.
509 3805 545 3866 ΙΙ,
566 3808 599 3860 12
624 3823 671 3876 pro
697 3804 867 3872 ἀνομάλωσις
892 3819 945 3855 non
962 3799 1109 3872 ὄμοίλωσις,
1135 3803 1178 3861 sod

188 3889 325 3964 ὁμαλότης
349 3897 441 3965 reponi
468 3898 588 3962 iussisse,
617 3914 697 3966 quem
722 3897 766 3950 hio
788 3893 886 3948 tertius
910 3893 1024 3951 fortasse
1048 3898 1124 3952 loeus
1152 3898 1178 3950 ot

189 3987 263 4040 verbi
281 3985 513 4059 ἀνομολογεῖσθαι
536 3990 697 4059 comparatio
720 3988 749 4040 in
771 3985 852 4040 alium
869 3983 983 4040 adducet
1008 3991 1176 4044 sententium

188 4078 345 4149 Praepositio
354 4084 499 4138 transitum
512 4085 541 4137 in
553 4082 636 4136 alium
649 4082 751 4135 statum
762 4080 822 4148 (τῆς
833 4074 1014 4147 apotomae)
1033 4080 1176 4150 signifieat.
