2580 4530
558 254 617 309 nn.
635 256 658 309 1.
1046 260 1085 323 lo

54 452 176 533 aqualia
184 448 464 534 permutabantur,
486 455 649 521 sedetiam
665 475 761 541 prope
775 457 912 538 aequalia.
937 457 1032 523 Velut
1046 461 1128 542 quod

53 558 125 640 apud
146 558 362 624 Plutarchum
385 559 424 624 de
447 560 618 627 oohibenda
637 562 686 627 ira
707 580 733 626 o.
764 563 803 625 1-5
831 560 873 645 (p.
899 562 961 626 463
983 564 1024 642 Α)
1045 565 1129 631 inter

53 662 182 737 adortus,
213 664 406 747 quibuscum
428 667 477 731 ira
498 669 709 749 eomparatur,
741 686 796 748 pro
816 668 927 733 timore
949 672 1127 737 nominatur

53 768 141 835 rudes
159 763 292 854 (φόνου
313 773 347 837 dl
366 774 422 839 aul
434 776 558 859 χείρων
574 774 643 839 ἐστι’
654 793 708 858 pro
730 764 853 857 φόβον,
875 792 1051 859 quanquam
1062 779 1126 867 oal-¹

53 876 105 941 lide
121 878 280 943 vertendo
296 860 500 945 substituitur
522 879 726 946 homicidii
747 879 968 958 afleotatio,
990 884 1125 966 quasiis

54 984 171 1049 allectus
180 985 254 1067 sit),
266 1003 329 1049 non
342 1005 416 1050 sene
432 1004 468 1051 ex
480 986 683 1053 similitudine
694 985 870 1050 litterarum
878 987 955 1052 Bet
968 989 1011 1053 N
1018 991 1125 1057 natum

55 1088 169 1155 estsed
181 1110 221 1155 ex
237 1091 380 1157 totarum
402 1111 526 1169 vocum,
547 1091 682 1175 itemque
705 1090 1124 1175 quodapudXenophontom

55 1196 114 1260 hist.
130 1217 179 1281 gr.
194 1197 256 1273 VI,
280 1197 312 1271 5,
333 1195 354 1257 3
376 1215 433 1277 pro
456 1190 565 1262 πάλιν
580 1198 803 1283 (ἐψηφίσαντο
826 1199 914 1281 μίαν·
933 1191 1039 1265 πάλιν
1060 1195 1125 1285 τήν

57 1304 269 1369 :literaturae
293 1316 411 1367 ποιεῖν
433 1306 488 1371 uui
512 1305 665 1390 τειχίζειν
687 1299 751 1387 τήν
770 1299 885 1384 πόλιν)
908 1303 1056 1387 seriptum
1077 1309 1126 1373 est

57 1408 147 1475 adim
168 1430 247 1475 oum
272 1408 390 1474 vitiosa
406 1409 544 1475 eiusdem
556 1411 637 1477 voris
653 1410 837 1492 repetitione
854 1412 886 1474 et
905 1410 1067 1477 obscurato
1079 1431 1124 1492 eo,

57 1517 122 1599 quod
142 1517 244 1599 eaput
268 1514 317 1578 rei
345 1517 428 1593 erat,
463 1517 495 1580 et
523 1516 604 1598 quod
633 1516 715 1598 apud
735 1516 904 1591 Lnoianum
921 1516 1061 1582 Hermot.
1082 1519 1124 1581 30

57 1622 127 1687 inre
148 1620 357 1705 apertissima
377 1640 434 1702 pro
450 1612 612 1687 αἰιόνταν
634 1618 733 1701 (ὥστε
757 1621 819 1687 οὐκ
842 1623 942 1706 ἐχρῆν
964 1615 1124 1691 αἰιόννων

58 1718 341 1815 καταγιγνώσκειν
364 1720 443 1793 ov'dt
472 1722 602 1814 ἐρήμην
625 1722 724 1813 ἡμῶν
751 1728 984 1805 καταδιαιτᾶν)
1007 1730 1123 1795 substi-

56 1846 143 1899 utum
175 1838 229 1899 est
258 1825 439 1898 (iudaeae.
475 1835 564 1918 (Pars
594 1855 633 1900 an
656 1854 766 1903 omnes
796 1832 1053 1919 condemnentur,
1084 1834 1124 1899 ad

57 1960 107 2005 rem
131 1960 194 2005 non
225 1940 392 2024 pertinet)
447 1939 560 2006 Contra
580 1942 612 2006 in
635 1943 675 2009 Π
694 1941 725 2007 et
752 1943 785 2007 T
801 1941 834 2005 in
863 1941 944 2004 certo
966 1941 1122 2022 seripturae

58 2064 153 2127 gruere
176 2044 360 2111 similitudo
383 2046 524 2128 ipsarum
544 2047 721 2115 litterarum
742 2046 846 2111 valere
866 2044 984 2128 poluit,
1012 2044 1122 2127 quibua

59 2152 231 2231 permutatis
263 2151 349 2233 apud
369 2152 531 2217 Platonem
554 2153 587 2217 in
609 2150 761 2237 symposio
781 2171 811 2233 p6
834 2151 896 2213 200
917 2152 947 2214 A
974 2151 1122 2233 seriptum

58 2274 91 2319 ul
116 2254 202 2323 ὅταν
231 2277 291 2341 pro
316 2252 408 2323 ὅπου
431 2252 595 2344 (φύλαξον
620 2252 714 2343 παραὶ
745 2251 856 2342 σαύτιρ
887 2260 1121 2343 μεμνημένος,

60 2386 147 2429 enno.
171 2382 338 2441 memor,
367 2366 434 2430 ubi
458 2365 695 2444 condideris
717 2367 757 2430 ut
785 2365 1009 2446 depromere
1037 2384 1124 2447 pos-

61 2472 113 2536 ns:
135 2487 285 2533 amorem
311 2489 435 2553 semper
459 2491 526 2537 esse
540 2472 678 2549 alieuius,
701 2471 818 2535 dietum
841 2474 916 2548 erat,
939 2490 1010 2548 non,
1036 2470 1121 2535 ouius

60 2578 155 2653 -ssetzl
180 2577 214 2638 et
239 2576 274 2638 in
298 2575 415 2660 Gorgia
438 2599 467 2660 p.
492 2579 551 2640 485
572 2579 598 2641 E
622 2578 821 2659 διαπρέπεις
851 2597 905 2658 pro
934 2577 1124 2659 διαπρέπεις

62 2706 113 2745 -ιαι
135 2675 248 2765 αι’·αιν
272 2683 385 2768 ψυχῆς
404 2670 468 2748 eide
484 2684 648 2769 γενναίαν
662 2678 880 2769 μειρακιώδει
906 2685 972 2748 τινὶ
997 2685 1124 2767 διαιρέ-

63 2812 123 2851 m.-
144 2780 376 2871 μαραιόματι,
399 2792 591 2870 pervertis
615 2793 651 2855 et
673 2791 900 2867 dedeeoras;
926 2810 1048 2872 prorsus
1070 2792 1126 2856 ab·

63 2896 137 2957 ¹-ralo
161 2898 197 2959 et
219 2896 290 2958 sine
313 2896 378 2959 ulla
399 2915 474 2961 vera
492 2900 643 2962 sententia
669 2899 779 2962 dieitur
798 2888 900 2978 φύσιν
923 2896 1125 2978 διαπρέπειν

64 2997 278 3083 tappulam)
313 3003 346 3063 et
372 3001 434 3065 alia
462 3002 535 3067 alibi
561 3007 711 3086 corrupt.
766 3002 928 3068 Suetonius
957 3003 1062 3068 Claud.
1084 3005 1126 3064 44

66 3110 220 3189 -elpsorat
244 3106 285 3170 de
307 3109 407 3171 morte
430 3106 549 3173 Claudii
574 3112 612 3175 ab
634 3111 804 3195 Agrippina
825 3110 987 3174 testinata:
1017 3109 1125 3173 Prius

10 3234 13 3301 j
64 3215 189 3279 ¹uitur.
226 3232 340 3296 quam
363 3215 797 3300 ultraprogrederetur‚
831 3217 1043 3296 praeventus
1071 3215 1128 3277 est

66 3320 97 3379 rt
117 3319 361 3404 Agrippina,
392 3340 501 3402 quam
523 3324 660 3402 praeter
681 3323 756 3385 lraeo
779 3321 1016 3386 conscientia
1038 3338 1127 3400 quo-

71 3444 119 3503 ²no
147 3446 217 3490 ner
245 3426 372 3489 minus
397 3426 586 3491 delatores
615 3429 820 3493 multorum
844 3425 1041 3493 eriminum
1063 3443 1127 3488 ur-

66 3534 238 3607 :nebaut‚
267 3531 387 3606 idest,
415 3532 456 3595 ad
478 3532 686 3597 festinandum
708 3531 916 3612 impellebant.
972 3528 1128 3596 Substitu-

68 3654 117 3701 ·:m
140 3644 190 3703 est
212 3636 442 3720 arguebant.
502 3637 585 3702 Num
606 3639 701 3722 igitur
721 3638 786 3715 illa,
809 3655 876 3718 quae
899 3635 990 3698 antea
1020 3633 1096 3703 Suet
1115 3676 1129 3689 -

68 3760 116 3807 :rr-2
133 3746 173 3809 de
186 3743 322 3809 Claudio
344 3743 461 3820 narrat,
475 3744 678 3827 Agrippinam
694 3739 958 3826 arguebantt¹l
980 3743 1130 3810 Abstineo

114 3974 288 4029 Contrarium
320 3969 454 4024 mendum
480 3970 708 4038 (urguebatur
738 3984 785 4038 pro
809 3965 1035 4038 arguebatur)
1061 3971 1133 4040 apud

120 4066 242 4121 Tacitum
264 4083 332 4121 ann.
355 4064 405 4127 Vl,
427 4065 462 4116 29
483 4065 542 4127 (351
560 4062 701 4116 Ernestius
720 4060 841 4116 sustulit.

856 4150 889 4201 2*
