2580 4530
222 272 282 339 108
656 279 718 335 Lib.
737 282 761 338 Ι.

179 464 224 543 οἷς
245 464 287 537 οὐ
308 472 541 540 σπουδαστέον
563 474 620 539 ἐπὶ
635 473 678 561 τῇ
699 474 841 566 τοιαύτῃ
856 477 990 564 ποιήσει
1006 473 1060 552 οἷς»
1072 473 1243 567 α’ληθείας

179 596 217 643 aa
234 572 414 666 ἁπτομένῃ
428 582 482 646 ναὶ
499 579 682 665 σπουδαίᾳ,
698 574 775 648 α’λλέ
786 577 996 670 εὐλαβητέον
1010 579 1121 670 αὐτήν
1137 611 1165 650 κ.
1174 613 1204 652 τ.
1213 589 1241 653 λ.

179 687 295 753 Iustis
308 682 510 772 atrociores
532 682 677 754 vitiosum
699 690 766 755 esse
779 709 877 775 neque
898 710 1084 775 quemquam
1099 693 1242 759 (iraecnm
1283 680 1287 685 ’

177 795 241 861 nisi
253 795 365 862 multis·
381 797 450 879 post
461 793 620 860 ¹Christum
639 794 748 859 natum
765 797 885 863 seculis
901 799 1071 883 αἴσθσμαι
1094 800 1242 881 present

177 902 318 985 tempore
339 901 466 980 dixisse,
499 918 558 965 nou
581 919 728 985 exsequar
748 902 819 983 post
845 901 1098 982 Stellbaumium3
1131 905 1242 971 id-ad-

180 1007 261 1085 dam,
283 1027 342 1073 nou
362 1007 715 1089 minuaprarumesse,
737 1007 817 1091 quod
838 1008 904 1090 ipse
926 1009 992 1075 siue
1012 1012 1078 1076 ulla
1097 1012 1241 1099 probabi-

177 1113 268 1181 litete
292 1114 466 1192 substituit,
494 1103 742 1195 αἰσθανόμεθα
776 1113 870 1197 (qued
898 1115 967 1197 quis
998 1116 1036 1181 in·
1062 1117 1154 1207 illud
1172 1137 1241 1182 mu·

178 1221 320 1305 tessere).
362 1219 444 1284 Nam
471 1237 571 1302 neque
597 1218 742 1301 praesenti
768 1219 854 1285 verbi
870 1220 1012 1302 tempori
1045 1236 1145 1306 nequa
1174 1224 1241 1288 aui-

166 1324 390 1393 ·madverteudi
415 1326 453 1389 et
487 1323 640 1389 sentiendi
671 1324 894 1418 significationi
923 1331 1000 1410 (quae
1033 1329 1100 1397 sola
1132 1330 1181 1395 est
1208 1330 1240 1394 in

180 1426 416 1515 αἰσθάνομαι,
450 1449 511 1495 uon
543 1418 662 1495 iudicii
683 1431 714 1495 et
745 1432 918 1510 sententiae)
953 1433 1034 1498 ullus
1067 1435 1116 1498 est
1146 1435 1243 1501 loeus..

179 1538 332 1621 Apertum
351 1539 416 1616 est,
445 1537 472 1601 si
500 1536 573 1619 quid
593 1554 747 1618 unquam,
773 1536 821 1603 nis
850 1537 967 1603 tertis:
1000 1533 1048 1613 cic
1066 1533 1109 1606 ori
1133 1565 1241 1607 σειοο-

178 1645 322 1731 όασεέον
342 1670 373 1710 κ.
395 1658 439 1709 σ.’
455 1645 483 1709 λ.
506 1642 653 1708 coutiueri
673 1642 706 1727 id
726 1642 946 1726 iusumquod
966 1644 1031 1710 sibi-
1047 1644 1187 1711 Socrates
1209 1647 1241 1712 et

179 1750 295 1817 Glauco
323 1751 451 1817 cavendi
477 1767 586 1827 causa,
617 1766 657 1814 ne
686 1749 893 1832 decipiantur,
922 1750 1143 1817 insusurreturi
1168 1752 1240 1831 siut,

177 1857 398 1941 periculisque
428 1849 457 1939 ό
484 1847 549 1922 οὖν
575 1856 667 1935 verbo
697 1855 841 1921 subiectis
859 1855 994 1940 ,adiungi
1019 1859 1179 1923 certiorem
1201 1859 1241 1923 il-

157 1965 252 2044 lius,
272 1964 351 2048 quod
372 1964 516 2047 proximis
537 1963 601 2028 illis
629 1946 812 2046 ἐπᾷόοντες
843 1954 928 2046 ἡμῖν
952 1954 1070 2037 ἀὐτοῖς
1091 2012 1099 2028 .
1122 1994 1130 2025 ·.
1151 2012 1161 2030 ,
1185 1965 1239 2030 καὶ

178 2063 431 2155 εὐλαβούμενοι
447 2069 654 2154 significatum
669 2068 746 2146 erat,
766 2067 1024 2146 declarationem,¹
1035 2068 1141 2135 ondam
1155 2071 1241 2136 verbi

177 2178 316 2259 tompore
332 2179 538 2258 conceptam,
567 2174 648 2255 quod
662 2193 738 2256 uper.
754 2176 854 2239 totum
879 2175 983 2240 locum
1010 2176 1167 2240 servatum
1194 2179 1242 2241 est

176 2275 417 2366 ’(οἷκοαοόμεθα
441 2330 490 2345 ...
514 2280 747 2363 κερδανοῦμεν
764 2327 814 2345 ...
832 2276 986 2366 ἐσόμεθα
997 2303 1054 2346 ...’.
1071 2274 1241 2365 οἷαοοαοό-

178 2392 299 2473 μέθα).
347 2388 456 2469 ltaque
478 2386 544 2450 hac·
557 2386 692 2463 demum,
713 2385 786 2467 quid
808 2385 919 2450 facturi
940 2387 1024 2465 sint,¹
1036 2387 1240 2453 declaratione

179 2495 329 2581 absolute-
351 2493 469 2558 Glauco
502 2489 678 2574 respondet,
715 2489 761 2554 ita
777 2508 917 2585 ¹prorsus
951 2510 1018 2557 osse
1043 2512 1077 2557 se
1108 2494 1240 2559 facturos

179 2590 442 2681 (Παντόπαοιν,
473 2590 496 2682 ἦ
526 2591 555 2663 δ’
578 2593 629 2670 ὅς,
652 2590 818 2682 ξύμφημι.
854 2597 1015 2664 Futurum
1035 2599 1149 2681 requiri
1169 2619 1241 2664 sen-

178 2707 293 2784 serant,
316 2705 420 2789 quiin
442 2705 556 2771 uacet
582 2705 679 2769 altaro
704 2704 808 2769 codice
833 2705 950 2769 recenti
977 2698 1146 2790 εἰσόμεθα
1167 2706 1241 2770 sub-

179 2808 362 2889 stituor'unt,
395 2811 429 2875 et
449 2809 767 2890 schleiermacnerus).
812 2810 904 2875 Latet
932 2804 1028 2893 igitur
1051 2810 1085 2874 iu
1110 2811 1165 2903 illo
1187 2814 1242 2875 αἰ-

181 2909 347 3007 σθόμεθα
360 2916 506 2981 cunnum
521 2916 632 2983 mediae
645 2916 752 2982 fonnae
766 2914 852 2982 verbi
873 2917 911 2981 ab
933 2915 1067 3001 inedia
1085 2915 1241 2999 signifiea-

169 3013 264 3091 tiou'e
287 3040 347 3088 uon
368 3023 531 3089 remotum.
563 3023 611 3087 ·Id
632 3025 737 3087 aute'm
763 3022 829 3087 nisi
849 3041 952 3087 unum
978 3041 1052 3101 asse¹
1067 3021 1175 3105 nequit
1194 3023 1242 3087 ia-

179 3133 352 3214 cilli'meque
375 3129 510 3193 eruetur:
534 3117 723 3211 ᾀσόμεθα
750 3122 779 3195 d’
801 3120 884 3205 οὖν,Ι
908 3147 1084 3192 canamus
1113 3129 1241 3193 autem

181 3238 252 3315 (erit
273 3239 377 3301 autem
398 3251 523 3311 carmen
543 3231 630 3297 illud¹
643 3236 675 3299 et
696 3234 864 3299 admonitio
886 3233 1073 3313 huiusmodi,
1091 3252 1151 3298 non
1172 3226 1241 3299 'esse

180 3361 304 3426 operam
320 3324 467 3406 'dandam
496 3339 577 3418 cet).
598 3371 601 3377 ·
620 3384 623 3391 ·
640 3339 719 3404 Cum
745 3340 810 3426 iota
836 3339 1061 3406 adscriberetur
1087 3339 1242 3423 (ΑΙΣΟ-

177 3451 362 3525 ·ΜΕΘΑ),·
379 3446 495 3531 syllaba
517 3449 574 3510 clo
595 3444 725 3520 subiecit
745 3445 893 3509 litteram.
905 3453 950 3525 θ,
980 3448 1016 3511 ut
1037 3440 1239 3524 α’Ῑσθόμεθα

180 3557 272 3623 esset.
296 3553 465 3619 -Alterum
480 3551 656 3633 exemplum
669 3550 834 3634 ¹Euripidis.
849 3546 892 3617 alt
912 3571 949 3616 eu
969 3551 1156 3629 Heraclidis,
1189 3551 1242 3616 ubi

168 3651 209 3739 tr,
231 3661 300 3724 *892
328 3680 394 3744 sqq:
422 3657 551 3734 chorus,
583 3657 704 3741 cognita
736 3675 773 3721 ex
804 3668 892 3749 servo
920 3658 1047 3724 meliore
1084 3659 1241 3751 Alcmenae

70 3768 72 3773 ’
181 3768 385 3851 Herculisque
400 3764 577 3831 'liberorum
597 3763 741 3841 foruna,
766 3781 858 3846 quam
881 3763 923 3828 ait
943 3765 1002 3830 hoo
1022 3784 1133 3841 suave,
1163 3765 1242 3828 ami-

180 3873 372 3956 corum,·qui
393 3873 485 3942 antee
514 3871 615 3935 minus
636 3869 715 3933 bona
732 3869 858 3934 fortuna
886 3869 935 3933 uei
961 3870 1040 3948 siut,
1073 3872 1187 3935 sortem
1209 3871 1241 3936 in

179 3976 291 4043 melius
318 3977 471 4043 mutatam
497 3977 617 4055 ridere,
651 3974 784 4045 ¹aliarum
811 3991 913 4040 rerum
940 3976 1073 4059 alioquin
1100 3978 1242 4044 suarium

180 4081 409 4166 comparatione
432 4083 564 4149 extollit:
