2580 4530
169 289 207 350 12
593 285 654 342 Lib.
674 286 696 341 1.

117 485 167 558 dis
189 485 364 569 incertaque
387 485 418 548 et
438 485 488 548 vix
509 483 629 548 conscia
650 481 787 560 consilii,
820 500 892 546 casu
921 484 953 546 et
979 501 1015 546 ex
1042 501 1097 546 suo
1119 481 1180 564 ipsa

119 609 200 672 saepe
232 607 331 659 erroro
366 590 483 666 oriens,
521 590 618 653 altera
653 587 820 653 deliberato
857 588 982 652 consilio
1008 589 1050 652 'et
1088 587 1181 652 libere

119 696 207 779 plura
230 714 426 779 persequens.
880 776 883 787 ‚

206 803 277 884 lpse
298 802 452 866 scribendi
477 819 559 865 error
590 799 649 863 etsi
671 797 754 864 casui
785 801 832 862 est
859 798 1035 876 subiectus,
1077 802 1182 864 tamen

117 908 302 991 quibusdam
325 926 486 972 causarum
508 907 670 971 momentis
693 904 824 989 regitur,
861 924 988 987 quorum
1010 907 1105 988 caput
1127 907 1183 984 est,

119 1014 200 1097 quod
221 1014 306 1077 omni
320 1012 511 1077 describendi
532 1030 630 1095 operae
650 996 815 1075 intervenit
837 1012 1028 1076 etmemoria
1050 1031 1096 1088 ea,
1118 1031 1183 1094 quae

121 1121 226 1184 oculus
249 1121 280 1183 in
310 1118 447 1207 exemplo
468 1116 561 1194 vidit,
595 1117 668 1181 dum
689 1118 722 1180 et
743 1117 849 1181 oculus
872 1118 903 1181 et
924 1137 1032 1181 manus
1053 1118 1086 1181 in
1109 1136 1184 1183 novo

115 1227 255 1308 exemplo
277 1227 433 1306 occupatae
456 1224 536 1298 sunt,
570 1241 703 1299 servans,
734 1223 769 1286 et
790 1223 844 1286 aut
863 1223 1039 1288 intellectus
1062 1225 1185 1288 oculum

117 1351 303 1415 manumque
344 1347 454 1412 regens
497 1330 550 1392 aut
589 1328 787 1412 intellegendi
810 1334 956 1398 obscurus
992 1333 1119 1395 conatus
1153 1330 1185 1393 et

116 1436 307 1523 imaginandi
332 1436 385 1512 vis,
413 1434 545 1498 incertas
568 1435 683 1515 species
706 1439 862 1505 obiiciens.
923 1441 1030 1522 ltaque
1052 1438 1184 1512 constat,

117 1545 144 1608 si
173 1545 282 1608 eadem
311 1542 353 1605 sit
379 1541 552 1624 diligentia,
585 1560 655 1604 eum
677 1544 775 1608 multo
797 1545 910 1609 rectius
933 1543 1048 1628 aliquid
1071 1543 1186 1609 descri-

117 1649 216 1714 bendo
230 1645 364 1725 reddere,
381 1647 442 1730 qui,
459 1666 525 1729 quse
537 1645 664 1723 scribat,
678 1648 847 1734 intellegat,
859 1670 951 1734 quam
963 1651 1024 1733 qui,
1037 1649 1185 1713 sermonis

117 1756 213 1838 ipsius
234 1756 369 1839 ignarus,
392 1754 514 1818 tantum
535 1753 709 1819 litterarum
729 1757 843 1820 formas
866 1757 945 1821 norit
968 1758 1183 1837 sequaturque,

72 1897 74 1903 ·
115 1862 198 1944 quod
215 1860 316 1943 quale
338 1859 395 1936 sio,
417 1860 557 1942 intellegi
585 1861 687 1941 potest
709 1862 742 1925 in
764 1863 883 1927 Latinis
904 1861 1038 1927 librariis
1062 1860 1184 1926 Graecas

117 1987 207 2033 voces
229 1968 428 2049 interpositas
450 1965 568 2030 Latinis
591 1967 787 2050 pingentibus
817 1969 871 2032 aut
893 1969 985 2032 etiam
1007 1968 1040 2029 in
1062 1965 1111 2042 iis,
1134 1966 1186 2048 qui

118 2093 200 2139 nuno
223 2074 329 2152 Graeca
358 2073 507 2137 Latinave
532 2090 626 2162 manu
649 2075 762 2157 scripta
782 2073 1071 2158 typis'exprimunt3
1111 2091 1184 2135 nam

118 2183 150 2245 et
171 2190 239 2244 iaro
259 2183 324 2244 tam
348 2179 515 2260 perspicuae
537 2177 648 2242 littera
670 2181 852 2256 scribuntur,
874 2180 989 2244 utnon
1011 2180 1043 2242 in
1054 2180 1183 2264 legendo

115 2286 278 2368 multiplici
300 2289 487 2352 coniectura
496 2287 635 2361 utamur,
659 2303 694 2348 ex
716 2285 870 2349 sententia
892 2287 999 2363 verba,
1023 2305 1058 2350 ex
1080 2286 1180 2350 verbis

111 2389 251 2474 singulas
259 2391 380 2457 litteras
390 2404 596 2476 agnoscentes,
610 2384 750 2453 etdeficit
758 2391 789 2454 in
800 2391 912 2474 ignotis
921 2393 975 2455 aut
985 2392 1109 2457 vacillat
1117 2393 1180 2469 illa,

111 2514 205 2576 quam
218 2496 288 2573 dixi,
301 2497 448 2561 memoria
459 2515 575 2572 eorum,
587 2515 654 2578 quae
669 2496 774 2560 oculus
785 2496 870 2580 legit.
905 2497 964 2562 Sed
976 2499 1094 2561 certum
1105 2497 1181 2561 scri·

113 2599 204 2664 bendi
217 2600 428 2666 adiumentum
444 2603 470 2666 is
485 2602 610 2666 domum
627 2601 731 2678 habet,
747 2603 800 2685 qui
813 2603 904 2685 plane
917 2604 950 2667 et
963 2604 1131 2668 orationem
1150 2604 1181 2667 et

113 2707 300 2770 sententiam
331 2727 449 2785 eorum,
482 2729 548 2790 qnae
576 2707 697 2785 scribit,
731 2709 885 2792 intellegit
915 2710 947 2773 et
976 2729 1047 2773 vere
1076 2709 1179 2773 animo

110 2812 277 2875 scribenda
311 2816 454 2897 persequi
488 2817 606 2897 potest;
645 2818 818 2890 ettamen,
853 2816 880 2880 si
912 2834 1016 2880 curam
1050 2815 1178 2888 remisit,

113 2917 234 2981 aberrat
263 2919 435 2997 nitardum,
457 2921 576 2986 obiecta
604 2923 705 2986 animo
733 2923 811 2986 alius
833 2922 995 2986 sententiae
1017 2923 1072 2985 aut
1093 2921 1180 3002 verbi

111 3023 220 3106 (etiam
244 3043 279 3087 en
300 3027 458 3108 proximis)
471 3029 654 3111 cogitatione
667 3030 698 3092 et
709 3029 862 3112 imagine3
885 3029 937 3110 qui
952 3027 1096 3092 orationis
1109 3027 1179 3090 uni-

112 3131 473 3211 versamformamtenet
482 3134 710 3199 sedsententias
722 3135 1005 3207 noncuratnecres,
1019 3133 1178 3215 dequibus

110 3239 230 3320 agitur,
256 3237 351 3314 novit,
374 3239 473 3303 multo
491 3241 580 3321 plura
597 3239 773 3315 committit·
785 3240 955 3320 praesertim
974 3240 1001 3303 si
1018 3240 1178 3321 scripturae

108 3343 209 3408 forma
231 3336 330 3408 minus
350 3344 438 3407 iacile
463 3347 548 3408 recta
571 3346 664 3409 verba
694 3345 814 3421 obiicit,
835 3345 917 3427 quod
937 3346 1018 3426 apud
1038 3347 1177 3429 antiques

110 3449 288 3526 accidebat,
321 3467 376 3512 nec
409 3449 511 3512 verbis
547 3450 653 3515 divisis
687 3450 878 3516 distinotisve
911 3470 971 3515 nec
1017 3453 1179 3517 sententiis

108 3552 323 3636 interpunctis.
366 3556 472 3638 ltaque
494 3556 571 3618 nihil
586 3555 699 3619 mirum
716 3557 772 3633 est,
794 3557 857 3620 iam
880 3559 997 3620 veteres
1020 3557 1057 3620 de
1081 3559 1177 3622 libra-

110 3658 234 3723 riorum
255 3661 408 3727 erroribus
431 3663 462 3726 et
483 3661 638 3726 codicibus
661 3661 815 3726 mendosis
838 3662 924 3744 queri
933 3662 967 3740 ¹).
1023 3663 1082 3742 Qui
1104 3683 1176 3729 vero

128 4021 154 4088 ¹)
184 4020 240 4076 Cio.
258 4022 292 4076 ad
316 4024 366 4090 Qu.
386 4025 431 4080 Fr.
445 4025 496 4082 ΙΙΙ.
516 4029 544 4080 6:
581 4025 625 4078 De
652 4024 790 4080 Latinis
816 4023 922 4079 libris
949 4029 1080 4093 quo'me
1099 4040 1171 4079 ver-

30 4108 38 4116 ’”
184 4118 263 4179 tam,
281 4117 414 4182 nescim
438 4117 490 4171 ita
514 4117 672 4172 mendose
689 4119 721 4172 at
739 4117 946 4172 scribuntur
962 4118 995 4170 et
1012 4120 1170 4171 veneunt.
