2580 4530
223 227 285 290 324
645 227 705 282 Lib.
722 227 776 283 III.

182 428 428 494 Laeedaemenios
448 428 593 511 pertinet,
623 426 656 490 et
679 425 897 508 νομίσαντες,
933 425 1017 509 qued
1038 425 1079 491 a'd
1098 425 1235 510 Argivom

180 533 251 599 ideo
283 534 365 598 enim
395 532 428 600 hi
463 534 623 598 noluerant
655 533 942 607 ἐπισπένδισθαι,
982 532 1064 615 qnod
1096 532 1238 614 putebant

184 638 433 705 Lacedaemonios
455 626 607 716 (αὐτούς)
631 639 698 704 sine
708 639 950 705 Atheniensibus
972 637 1032 704 sibi
1052 656 1113 702 non
1133 637 1239 702 timen-

185 745 241 810 dos
265 764 356 811 esse·
391 745 507 815 Verum
535 745 579 810 sie
605 734 804 817 manifestim
830 746 867 810 fit
893 745 933 828 ed
959 744 1026 809 haec
1048 743 1240 828 νομίζσνιις

183 846 264 926 σούς
279 878 316 917 τε
338 844 519 935 Ἀργείους
540 843 648 936 ἥκιστ’
669 845 714 916 σῖν
730 851 835 917 deesse
849 850 1044 926 infinitivum}
1056 870 1127 933 ¹que
1144 848 1241 915 addite

183 959 247 1024 hese
259 957 779 1042 sententiaalteriilliadiungatur:
805 958 859 1022 nal
872 951 937 1040 ιὴν
948 951 1056 1040 ἄλλην
1066 949 1241 1022 Πελοπόν-

182 1056 289 1149 νὴσσν
310 1056 446 1149 μάλιστ’
468 1057 513 1129 riv
543 1057 731 1149 ἡσυχάζειν.
789 1065 820 1129 Is
841 1062 1010 1150 infinitivus
1032 1066 1105 1128 ente
1128 1053 1242 1146 ἐπειδή

183 1157 302 1246 excidit,
323 1190 393 1235 cum
406 1171 450 1235 sie
459 1170 652 1254 Thucydides
665 1169 853 1252 scripsisset:
873 1169 1072 1253 νομίζοντες
1082 1163 1193 1252 ἥκιστ’
1203 1163 1243 1235 ἄν

182 1277 274 1360 σφίσι
297 1269 379 1349 σούς
401 1304 437 1342 σε
459 1271 639 1363 Ἀργείους
662 1260 968 1350 ἐπιτίθεσθαι,
990 1272 1123 1361 (ἐπειδή
1142 1269 1244 1344 ...οὐ

185 1377 320 1455 ὸέινσῦς
347 1382 467 1459 εἶναι),
500 1385 553 1448 καὶ
583 1378 648 1464 τὴν
674 1378 781 1467 ἄλλην
809 1376 1083 1467 Πελοπόννησον
1109 1376 1243 1467 μάλιστ’

183 1485 229 1555 ἄν
251 1481 442 1575 ἡσυχάζειν.
487 1488 713 1553 Lacedaemonii
727 1489 906 1554 societatem
922 1510 992 1555 cum
1002 1489 1244 1555 Atheniensibus

184 1596 342 1662 faciebant
363 1596 402 1660 ad
423 1594 717 1679 terrorem'Argivis
744 1595 957 1675 inficiendum,
979 1615 1071 1680 ques,
1101 1596 1244 1679 quoniam

182 1701 322 1767 induciae
335 1701 515 1769 confirmare
527 1701 706 1776 noluissent,
722 1700 781 1766 sibi
791 1702 907 1767 bellum
918 1702 1058 1768 illaturos
1069 1702 1244 1768 credebant.

280 1808 348 1873 Ibd.
363 1809 414 1886 54,
436 1809 455 1870 3
474 1800 561 1873 'reete
573 1807 729 1872 Bellerus
752 1827 872 1873 comma
885 1812 955 1892 pest
970 1803 1100 1894 ταύτην
1118 1808 1246 1884 sustulit

183 1915 262 1998 (τοῦ
301 1908 368 1998 πρό
410 1916 473 1981 σου
510 1915 686 1999 Καρνείου
723 1909 835 1999 μηνός
871 1907 1243 1999 ἐξελθόντεςπετριῖδι

184 2023 374 2106 φθίνοντος
397 2023 453 2088 καὶ
477 2019 619 2109 ἄγοντες
645 2015 713 2106 τὴν
739 2016 872 2106 ἡμέραν
893 2015 1023 2105 ταύτην
1045 2015 1162 2088 πάντα
1184 2015 1246 2086 τόν

182 2122 305 2214 χρόνον
328 2130 511 2213 ἐσέβαλλον
534 2134 567 2201 ἐς
588 2123 654 2212 σὴν
676 2121 906 2213 Ἐπιδαυρίαν
928 2129 982 2193 καὶ
1006 2109 1159 2214 ἐδὴσυν),
1188 2124 1243 2190 sed

183 2255 250 2319 quae
272 2233 443 2298 efficeretur
464 2234 627 2308 sententia,
655 2253 745 2299 nemo
772 2236 883 2316 praeter
906 2235 1009 2317 ipsum
1035 2234 1129 2310 vidit3
1158 2236 1243 2309 (nam

181 2340 281 2422 ipsum
305 2339 418 2402 vidisse
433 2338 436 2348 “
449 2339 569 2416 ered0;)
597 2340 700 2422 itaque
726 2340 827 2405 lecum
855 2359 887 2405 se
916 2341 1095 2422 intellegere
1117 2338 1241 2422 negant.

183 2445 295 2528 Argivi
312 2444 428 2521 fraude,
451 2445 577 2508 minime
600 2464 673 2509 sane
689 2446 804 2521 subtili,
827 2448 958 2525 utentes,
980 2466 1019 2512 ne
1040 2464 1146 2510 mense
1168 2444 1243 2509 Car·

184 2571 250 2625 neo,
273 2554 308 2615 ut
330 2549 508 2625 adversarii,
531 2550 686 2632 quiescere
708 2554 896 2634 cogerentur,
918 2571 972 2633 per
993 2553 1096 2617 totum
1119 2554 1242 2633 tempus

183 2677 278 2721 uuum
309 2657 391 2721 diem
419 2677 451 2722 se
482 2676 572 2740 agere
598 2655 752 2720 finxerunt
781 2655 949 2741 eodemque
977 2677 1081 2723 omnes
1114 2674 1242 2721 numero

181 2763 365 2844 nomineque
399 2762 567 2846 signarunt,
600 2747 763 2846 τριακάδα
798 2764 988 2844 φθίνοντος
1026 2763 1158 2837 mensis,
1191 2761 1243 2845 qui

182 2869 333 2933 Carneum
355 2868 556 2959 praecedeuti,
584 2868 784 2950 appellantes.
833 2869 933 2934 Simili
956 2868 1085 2935 artifieio
1107 2869 1242 2933 Alexan-

184 2975 255 3049 der,
282 2978 317 3038 ut
338 2974 475 3038 Deesium
498 2993 636 3039 mensem
657 2973 779 3049 vitaret,
802 2974 934 3040 alterum
953 2975 1159 3040 Artemisium
1182 2975 1243 3058 egit

73 3175 76 3180 Ι
182 3079 276 3157 (Plut.
293 3080 382 3144 Alex.
405 3097 430 3143 e.
446 3079 505 3156 16).
553 3079 621 3143 Hoe
644 3080 692 3145 est
716 3081 797 3145 enim
819 3075 952 3167 ἡμέραν
974 3074 1050 3148 τινα
1073 3082 1128 3144 aut
1147 3083 1241 3166 μὴνα

182 3181 321 3277 ἅγρινίῚ)
888 3250 891 3257 .

210 3327 216 3336 =
282 3291 346 3355 lbd.
378 3290 433 3367 66,
464 3293 478 3350 1
512 3292 596 3354 recte
627 3290 690 3354 iam
723 3292 775 3356 alii
807 3293 965 3373 viderunt,
999 3313 1059 3360 nen
1092 3295 1243 3361 terrerem

184 3397 481 3462 Lacedaemoniorum
510 3397 692 3482 significari,
724 3398 778 3462 sed
807 3399 1019 3464 admirabilem
1049 3400 1243 3483 disciplinam

183 3506 214 3567 et
234 3502 308 3567 belli
330 3504 437 3568 artem.
493 3504 610 3569 Verum
637 3520 719 3566 error
745 3521 806 3567 non
836 3504 867 3566 in
896 3505 988 3569 verbo
1017 3525 1084 3571 esse
1111 3507 1243 3584 videtur,

183 3608 246 3682 sed,
270 3607 351 3691 qued
378 3607 569 3690 praecedebat
596 3614 691 3672 οἵτε
714 3600 1005 3689 Λακεδαιμόνιοι,
1032 3611 1244 3696 interpolando

182 3713 232 3778 hie
254 3732 373 3796 quoque
395 3714 545 3797 scriptum
568 3712 698 3777 eundem
721 3730 826 3776 essum
847 3714 1002 3795 suspicor,
1025 3735 1096 3781 eum
1120 3737 1139 3783 a
1160 3719 1244 3785 Thu-

212 3903 235 3966 ¹)
255 3904 319 3973 Cap.
339 3908 381 3971 55,
401 3906 418 3958 2
438 3900 481 3970 ἐφ’
504 3900 643 3968 ἑκατέρων
662 3898 797 3963 ἐλθόντας
815 3898 851 3954 τὰ
876 3903 1051 3967 στρατόπεδα
1069 3922 1116 3974 pre
1135 3906 1185 3977 ἀφ’
1205 3909 1243 3965 ἑκ.

255 3996 412 4065 scripseram
431 3995 589 4058 coniectura,
608 4009 668 4047 cum
686 3992 715 4048 id
737 3993 766 4046 in
778 3993 835 4048 cod.
849 3992 949 4049 Caesel.
968 3997 996 4048 et
1013 3997 1097 4052 altere
1115 4006 1245 4070 preterea

254 4102 311 4141 esse
329 4089 358 4141 et
374 4104 391 4143 a
409 4085 527 4141 Goellcro
546 4088 683 4154 receptum
701 4085 838 4141 nescirem.
