2580 4530
538 242 600 297 oro.
618 243 670 298 nr.
1028 247 1088 313 321

73 459 148 519 osae,
183 443 221 513 ut
253 440 330 506 vieti
358 459 419 506 non
451 459 556 506 omnes
585 441 678 505 simul
701 443 852 540 optimam
880 447 1000 528 partem
1021 448 1132 514 virium

72 547 247 614 mitterent
268 549 316 625 (ut
331 540 541 612 Athenienses'
553 541 590 612 σό
613 550 792 632 βέλτιστον
813 551 875 616 σου
895 545 1131 639 ὁσλισικου).1)

164 653 236 720 Ibd.
252 653 305 732 87,
327 653 553 736 3(inBraaidae
570 654 742 736 orationelt
768 649 825 722 Οὐ
843 651 908 742 γιῖρ
931 653 973 744 (λη’
994 654 1133 737 εἰκότος

68 752 93 846 γ’
113 752 162 853 σίν
183 752 267 826 τάδε
289 751 505 845 πράσσοιμεν
525 754 603 827 οὐδὲ
615 752 801 849 ὀφείλομεν
815 768 849 829 οἱ
861 760 1131 851 Λακεδαιμόνιοι

67 862 112 951 μή
147 868 273 932 ιιοινοὺ
301 890 396 938 τινος
422 859 562 953 οἷμιθοὺ
592 869 684 954 αἰτίᾳ
712 863 794 941 σούς
819 863 869 954 μή
898 875 1133 958 βουλομένους

68 974 294 1057 ἐλευθεροῦν
345 973 450 1038 Prima
477 972 571 1039 verba
593 971 769 1055 Kruegerus
801 976 846 1040 eie
873 981 1010 1057 enarrat,
1043 983 1132 1064 qnasi

66 1080 217 1163 scriptum
240 1080 297 1144 sit:
329 1073 371 1145 οὐ
394 1074 459 1165 μίρ
483 1072 524 1163 (λη’
548 1071 684 1162 εἰκότως
704 1073 736 1165 γ’
757 1075 802 1146 οἷν
824 1076 1041 1169 ἐπριίσσομον
1068 1089 1130 1167 (vel

65 1187 180 1270 potius:
219 1179 264 1252 οὐ
294 1181 359 1271 μοίρ
390 1180 434 1251 ἂν
466 1181 603 1257 εἰκότως
637 1181 875 1271 ἐπράσσομον).
928 1191 994 1256 Alii
1026 1194 1130 1280 alitem

65 1311 162 1375 neque
184 1293 293 1357 tamen
315 1293 469 1366 efficiunt,
508 1292 543 1355 nt
574 1294 657 1357 reete
689 1286 770 1359 adde
807 1295 845 1360 de
876 1296 933 1361 tali
952 1318 985 1363 re
1007 1299 1131 1366 intelle·
1170 1315 1179 1338 ·

66 1401 165 1482 gatar,
188 1417 283 1481 qnam
296 1398 442 1464 Brasidae
464 1399 558 1481 neget
568 1398 815 1466 Lacedaemonios
837 1396 974 1478 οἰκότως
995 1405 1128 1472 facturos

66 1499 299 1589 (πράσσοιμεν
322 1501 389 1584 οἷν).
439 1503 640 1569 scribendum
662 1504 797 1591 videtur:
821 1501 864 1573 ου’
883 1505 950 1594 yolo
973 1507 1015 1597 (λή
1038 1512 1128 1601 einp}

65 1607 194 1684 οὕτως
215 1605 308 1698 ν’·οἲν
322 1605 403 1677 aeide
419 1603 651 1696 πράσοοιμσντ
676 1615 873 1695 nequeenim
896 1616 939 1681 sio
960 1620 1078 1684 temere
1099 1623 1131 1686 et

65 1718 128 1783 sine
140 1720 229 1783 oerto
244 1719 371 1784 coneilio
382 1718 448 1782 haee
460 1715 614 1801 egerimus
634 1720 737 1800 (agere
751 1719 838 1786 nobie
848 1722 972 1803 placet).
1005 1716 1129 1791 Certam

64 1814 128 1889 iem
155 1824 307 1889 Brasidae
335 1822 575 1888 Lacedaemoniis
602 1824 791 1906 propositam
819 1845 886 1892 ease
913 1828 1004 1906 dicit,
1036 1851 1128 1915 quam
1183 1881 1185 1885 ,

63 1930 208 2014 impediri
229 1930 269 1995 ab
292 1929 453 1995 Acanthiis
480 1947 542 1994 non
568 1929 688 2012 possint
716 1931 791 2014 pati.
840 1932 938 1999 Paulo
970 1938 1041 2002 ante
1068 1937 1129 2002 iro-

64 2037 162 2115 niam,
197 2056 265 2120 qnae
294 2037 395 2101 inesse
426 2035 554 2117 putatur
588 2035 620 2098 in
655 2038 701 2120 τῷ
736 2031 886 2126 ὐμειέρῳ
920 2038 1024 2128 εὔνῳ,
1067 2062 1128 2109 non

63 2140 231 2226 intellego,
259 2142 420 2227 potiusque
441 2142 642 2225 interpretor:
674 2162 718 2207 ne
740 2144 787 2209 ob
809 2146 1130 2215 benevolentiam

63 2266 150 2333 erga
172 2267 240 2312 voa
263 2248 361 2332 (dum
377 2248 485 2314 vobia
500 2248 681 2314 faveatur
696 2250 965 2336 parcaturque)
987 2274 1129 2341 oppug-

61 2357 202 2420 nantur
232 2355 410 2437 pecuniis
433 2355 491 2419 oet.
537 2355 588 2419 Sio
610 2355 693 2420 enim
715 2356 776 2420 diei
797 2351 861 2443 σήν
880 2354 1050 2446 ὑμετέραν
1072 2359 1126 2429 εὖ.

62 2487 174 2536 νοιαν,
198 2456 237 2526 τό
261 2456 428 2546 ιίμιίερον
450 2456 575 2526 εὔνουν
596 2462 791 2529 notissimum
813 2468 880 2542 est;
912 2471 1005 2552 (eynt.
1028 2469 1126 2535 Graea.

61 2641 263 2650 ——-—-—

90 2773 113 2841 ¹)
132 2773 203 2844 Cap.
221 2775 265 2834 86,
283 2772 301 2826 3
320 2771 363 2835 (in
376 2768 495 2823 Braaida
514 2767 645 2835 oratione)
664 2768 720 2824 haeo
738 2772 832 2827 verbaz
851 2773 885 2828 od
904 2774 960 2844 γὰρ,
978 2776 1126 2840 §vernoni-

131 2886 190 2920 οων
210 2862 269 2934 ἥκω
289 2861 349 2919 οὐδ’
368 2860 465 2930 dedet
484 2858 535 2930 τὴν
560 2859 722 2928 ἐλευθερίαν
744 2867 845 2932 νομίζοι
872 2868 1027 2934 ἐπιφέρειν,
1053 2869 1126 2924 εἰτὸ

130 2959 254 3023 πάτριον
273 2956 369 3024 παρείς
388 2954 419 3009 τὸ
438 2955 523 3008 πλέον
542 2959 599 3016 τοῖς
619 2953 721 3023 ὀλίγοις
746 2952 762 3025 ἢ
787 2957 819 3012 τὸ
838 2957 953 3014 ἔλασσον
976 2966 1034 3022 τοῖς
1058 2963 1127 3014 πᾶσι

131 3050 313 3118 ὁουλώσαιμι,
333 3047 439 3103 etiamsi
459 3061 551 3100 omnes
569 3047 699 3100 machine
717 3046 914 3114 admoveantur,
933 3052 1023 3104 tamen
1037 3053 1125 3122 ipsum

130 3143 297 3198 eontrarium
316 3142 354 3204 ei,
380 3139 452 3210 qnod
471 3138 524 3192 diei
548 3139 655 3201 debeat,
681 3137 832 3207 significare
852 3140 1017 3207 (Braaidam,
1045 3143 1069 3196 si
1087 3145 1127 3197 ita

131 3240 212 3307 agat,
239 3251 329 3289 veram
347 3237 375 3287 et
393 3235 522 3287 sinceram
544 3231 697 3285 libertatem
716 3231 836 3297 odorra),
861 3232 894 3288 ad
918 3237 1018 3288 rectam
1036 3237 1126 3290 antem

132 3329 299 3383 sententiam
317 3325 485 3381 efficiendam
504 3341 584 3378 unam
603 3340 660 3378 esso
678 3323 826 3378 addendam
843 3325 965 3380 litteram
989 3326 1065 3392 (οὐδ’
1085 3325 1126 3382 ἂν

133 3427 240 3491 σαφῆ,
267 3421 317 3475 hoe
335 3422 389 3480 est,
419 3435 470 3471 non
495 3417 625 3471 sinceram
648 3416 792 3471 allaturum
818 3435 859 3472 me
878 3419 1031 3473 libertatem
1050 3425 1125 3489 puto,

131 3517 155 3570 ai
173 3517 214 3570 ita
232 3517 332 3584 agam),
351 3512 406 3566 diri
424 3512 453 3564 in
471 3510 553 3563 annal
580 3509 675 3578 philol.
695 3510 762 3562 Dan.
783 3510 798 3564 1
816 3528 841 3580 p.
852 3513 885 3566 41
899 3514 927 3566 et
938 3513 997 3567 174.
1028 3512 1126 3568 Postea

132 3609 190 3662 vidi
203 3609 258 3661 iam
269 3607 403 3660 Banerum
413 3603 441 3657 id
454 3602 627 3655 intellexisse.
658 3601 847 3658 Contemnitur
856 3607 946 3658 tamen
956 3604 1084 3658 facillima
1099 3609 1126 3660 et

132 3700 282 3755 oertiasirna
294 3697 447 3753 emendatio
459 3699 488 3748 et
499 3695 615 3748 artificia
627 3693 798 3750 adhibentur.
836 3696 897 3752 Non
915 3698 1007 3752 minna
1022 3700 1125 3751 eertum

133 3809 155 3846 ο.
176 3795 211 3848 98
229 3796 297 3845 extr.
317 3806 333 3844 a
352 3790 477 3858 Poppone
495 3788 651 3849 inventurn,
675 3786 704 3840 in
721 3790 792 3856 quod
811 3789 868 3858 ipre
886 3806 1000 3859 qnoque,
1019 3806 1079 3843 oum
1096 3790 1124 3844 in

134 3885 247 3952 legendo
263 3883 319 3937 solo
334 3880 466 3950 Kmegeri
480 3881 600 3949 exemplo
613 3882 708 3944 uterer,
728 3881 824 3935 incidi:
842 3881 879 3951 μὴ
895 3881 1065 3938 deteriorata
1077 3885 1125 3949 τῆς

135 3980 264 4030 Βοιωτῶν
282 3980 331 4045 γῆς
418 3971 489 4028 ἀλλὰ
508 3972 579 4028 κατὰ
598 3972 633 4027 τὰ
658 3973 761 4040 πάτριοι
788 3973 853 4038 τοὺς
880 3975 996 4043 νεκροὺς
1024 3973 1124 4031 σπεύ-

134 4070 255 4123 δουσιν
273 4067 453 4134 ἀναιρεῖσθαι
471 4081 519 4135 pro
538 4064 712 4120 σπένδουσιν.

110 4157 220 4194 antilioli
232 4163 310 4195 Amas.
321 4161 372 4195 cm.
893 4171 924 4215 ῃ
