2580 4530
219 258 281 323 358
295 279 297 282 ’
642 258 703 314 Lib.
721 258 775 315 111.

175 454 261 524 ἑκών
284 453 521 544 θεραπεύσεις.
566 457 713 524 Tollenda
743 457 874 525 arbitror
894 453 983 546 μήτε
1006 455 1183 546 ἄρχεοθαιι
1204 462 1235 526 ut

175 565 236 630 duo
256 565 338 630 inter
359 584 391 632 se
413 566 520 632 cadem
547 565 646 630 forma
675 568 913 647 componantur,
943 584 1071 650 quorum
1108 568 1234 633 alterum

175 671 208 736 id
228 670 330 756 ipsum
352 673 486 738 continet
507 673 546 738 ad
567 673 648 736 hunc
669 671 771 736 locum
793 671 1000 753 aptcelatunu
1026 673 1108 757 quod
1129 674 1236 758 aliquis

176 795 293 842 memor
318 782 492 864 pervagatae
520 777 740 844 coniunctionis
767 773 883 863 ἄρχειν
910 779 965 844 καὶ
997 775 1164 866 ἄρχεσθαι
1186 781 1236 846 ad·

177 881 311 948 (lendum
331 886 460 967 putavit.

275 991 342 1056 lod.
376 991 406 1070 5,
435 994 455 1054 4
492 994 524 1058 et
554 992 586 1056 -5,
634 990 772 1073 Apparet
805 988 838 1052 in
870 983 912 1053 cci
946 992 1089 1057 τοιαῦτα
1126 985 1235 1083 πάντα

178 1096 291 1160 eccuni
313 1115 380 1161 non·
401 1098 550 1163 cohaerere
578 1097 744 1162 orationem
771 1114 841 1160 cum
871 1095 1087 1179 superioriltus.
1136 1101 1237 1165 Resti-

174 1203 279 1266 tuetur
299 1204 519 1268 sententiarum
541 1222 634 1268 nexus
655 1221 717 1267 uua
736 1201 842 1266 addita
861 1202 981 1268 littera:
1005 1183 1068 1290 ἐγώ
1090 1197 1237 1291 γάρτοι,

176 1315 251 1392 ἔφη,
280 1302 442 1382 πολλάκις
464 1303 624 1375 duocimo
646 1312 711 1392 (pro
733 1301 859 1386 claudo)
882 1311 1041 1394 τοῦμὲν,
1069 1307 1155 1390 ὅτι.
1185 1360 1237 1388 ..,

175 1415 238 1478 roc]
259 1413 293 1478 dl
315 1411 367 1479 ὅτι
391 1463 399 1478 .
424 1462 432 1478 .
457 1461 466 1481 .
489 1409 531 1481 ὂν
553 1411 634 1500 ᾤετο
657 1415 757 1496 φίλον
780 1413 877 1490 εἶναι,
899 1409 942 1481 (ια’
961 1416 1103 1483 τοιαῦτα
1126 1411 1236 1484 mdccc

175 1520 304 1596 uncant
322 1545 363 1586 ιι.
395 1546 424 1586 τ.
448 1523 476 1588 λ.
519 1519 579 1585 Sed
605 1522 704 1585 restat
731 1521 878 1585 mendum
905 1523 1003 1602 aliud3
1035 1526 1237 1608 nequeenim

174 1621 215 1691 τοὶ
239 1627 379 1692 τοιαῦτα
402 1619 514 1693 πάντα
546 1626 699 1709 pertinere
729 1628 767 1691 ad
799 1646 849 1705 ea,
879 1647 945 1711 quae
966 1635 1144 1713 ’sequuntur
1170 1634 1240 1717 post

176 1733 298 1808 οιιοτιώ,
320 1737 456 1817 possunt,
486 1733 630 1817 quoniam
657 1752 716 1797 una
743 1734 880 1816 sequitur
902 1736 934 1799 et
964 1737 1077 1814 (verbis
1105 1739 1239 1823 quidem)

173 1840 274 1904 brevis
308 1841 443 1922 quaestio.
493 1839 624 1904 'Excidit
657 1840 710 1904 καὶ
743 1842 814 1922 post
847 1840 933 1906 εἶναι
966 1842 1237 1928 scribendumquez

174 1943 214 2012 ὂν
239 1943 321 2032 ᾤετο
349 1945 450 2030 φίλον
477 1945 576 2020 εἶναι,
608 1947 672 2018 καὶ
710 1940 751 2010 cd
784 1947 925 2013 τοιαῦτα
954 1941 1082 2025 πάντα,
1113 1953 1238 2028 σκοπῶ,

173 2048 222 2137 μή
255 2078 283 2118 ιι.
306 2079 336 2118 τ.
360 2054 389 2117 t.
432 2053 532 2117 Multa
554 2051 691 2117 eiusdem
713 2052 842 2136 genecio,
866 2054 952 2119 cuius
975 2058 1115 2140 exempla
1129 2059 1238 2142 posuit,

174 2160 302 2226 audiens
325 2159 464 2224 Socrates
486 2159 525 2223 ad
546 2157 744 2243 quaerendum
766 2158 966 2225 excitabatur.

273 2265 342 2330 lbd.
372 2267 406 2340 6,
435 2264 492 2328 25:
523 2269 553 2330 εἰ
581 2265 616 2329 de'
642 2290 693 2337 τις
723 2270 759 2330 ἐν
787 2260 884 2331 πόλει
912 2268 1083 2350 τιμᾶσθαι
1111 2261 1236 2354 βουλό-

173 2395 291 2456 μενος,
319 2418 326 2431 .
351 2421 358 2435 .
383 2360 402 2446 J,
435 2366 489 2436 dccl
520 2371 554 2436 τί
580 2365 600 2437 o‘
631 2371 786 2444 τοιοῦτος
817 2367 906 2459 ἄλλῳ
939 2365 1080 2458 τοιούτῳ
1109 2367 1172 2440 οὐκ
1195 2370 1239 2440 dr

174 2472 312 2544 δύναιτο
338 2473 568 2560 οννοιρμόοοιις
591 2476 732 2542 Graecum
747 2496 809 2542 non
831 2481 893 2544 ost:
917 2483 947 2544 εἰ
962 2479 1059 2551 ddum
1081 2486 1119 2545 ἐν
1141 2475 1235 2546 πόλει

172 2604 226 2669 pro
249 2603 295 2663 eo,
318 2584 397 2668 quod
419 2585 466 2648 ost
489 2588 519 2648 εἰ
541 2583 577 2649 δέ
599 2583 650 2654 τίς
662 2588 753 2648 ἐστιν
765 2589 801 2648 ἐν
822 2578 932 2649 πόλει.
968 2585 1034 2650 Neo
1055 2588 1162 2652 tamen
1183 2588 1236 2653 ad·

173 2691 306 2756 (lendum
329 2689 408 2768 cort
438 2690 491 2755 sed
513 2689 722 2755 scribendum:
745 2691 822 2775 Εὶή
850 2689 886 2755 de'
907 2716 959 2764 τις
982 2697 1019 2757 ἐν
1041 2684 1140 2759 πόλει
1164 2743 1173 2759 .
1195 2743 1203 2760 .
1226 2741 1234 2758 .

173 2799 347 2881 πειρᾶται·
376 2790 430 2861 ord
449 2795 481 2859 τί
504 2842 511 2856 .
534 2844 541 2859 .
565 2844 573 2858 .
597 2791 827 2880 οννοιρμόοοιις
851 2796 910 2873 (Sit
931 2782 1056 2881 aliqui&
1083 2799 1236 2884 fingamus

173 2905 306 2987 aliquem
329 2906 420 2980 esee.)
880 2986 886 2996 s
1169 2982 1172 2987 ,

270 3009 337 3074 Ibd.
361 3008 389 3080 9,
411 3007 429 3070 5
451 3007 489 3072 de
510 3027 568 3074 uno
591 3008 698 3087 exiis,
720 3008 772 3092 qui
788 3008 944 3074 Critonem
959 3010 1234 3087 calumniabantur,

171 3115 343 3181 deterrendi
376 3113 491 3178 ceteros
520 3131 612 3178 causa
637 3116 758 3197 arrepto
786 3115 876 3181 etin
902 3117 950 3181 ius
977 3117 1082 3181 vocato
1112 3117 1177 3200 agi·
1190 3135 1233 3191 ea,

171 3243 237 3307 quae
259 3223 436 3305 sequuntm‚
458 3219 630 3284 ostendunt.
674 3220 872 3286 scribendum
899 3222 1007 3306 igitur:
1037 3223 1090 3287 καὶ
1124 3216 1233 3294 εὐθύς

170 3357 219 3412 τῳ
243 3328 322 3393 τῶν
342 3328 433 3404 (τῶν
454 3341 516 3413 τῳ)
539 3324 843 3412 συκοφαντούντων
865 3321 926 3390 τόν
941 3329 1100 3410 Κρίτωνα
1125 3335 1232 3394 ἐνεν-

170 3438 307 3518 οιόκει
345 3429 454 3500 πολλοὶ
487 3440 552 3519 μὲν
588 3430 798 3519 οἷδιιιήμντοι,
835 3427 984 3504 πολλούς
1013 3428 1043 3497 d'
1073 3426 1231 3521 ἐχθρούς.

170 3541 280 3623 (Vulgo
311 3541 397 3607 deest
419 3567 463 3626 τῳ
486 3543 518 3605 et
547 3543 690 3607 scn‘bitur
720 3534 936 3618 οἷνενριόιιει.)
972 3540 1172 3618 §lvereon
1199 3539 1233 3603 ut

168 3647 378 3712 Archedemus
399 3647 582 3713 facillimum
604 3646 714 3712 dixerit
735 3661 802 3709 esse
824 3660 843 3706 a
864 3632 1059 3726 sycophantis
1082 3645 1230 3728 accipere,

168 3771 225 3816 nec
255 3753 311 3817 hoc
337 3754 451 3837 optimc
473 3754 611 3838 congruit
637 3771 706 3817 cum
735 3743 963 3834 φιλόχρηστος.
1009 3750 1137 3814 Fuitne:
1176 3751 1230 3814 καὶ

169 3865 231 3940 ἔφη
254 3853 402 3941 e'pcocd
411 3884 431 3937 ν
454 3860 540 3927 εἶναι
574 3852 645 3924 οἶττό
679 3855 749 3922 τῶν
771 3856 993 3937 ονιιοφαντών
1016 3851 1232 3941 λαμβάνεινῖ

167 3961 227 4026 Sed
249 3982 308 4028 non
330 3965 453 4030 confido.
693 4029 695 4031 ,

267 4069 334 4133 Lib.
371 4070 434 4148 ΙΙΙ,
469 4071 503 4147 5,
537 4069 556 4130 3
584 4065 754 4133 tollendum
787 4069 824 4132 τέ
857 4070 928 4149 post
965 4071 1228 4151 προτρέπονται,
