2580 4530
218 287 278 352 106
657 290 720 348 Lib.
736 291 759 346 1.

174 485 322 551 mendum
353 505 451 571 neque
490 500 556 571 quae
588 487 736 553 consutio
754 485 961 566 ¹adhibenda,
994 487 1072 553 scire
1104 488 1239 570 possent.

173 589 263 657 Nunc
283 592 376 661 codex
395 591 635 658 Mediolanensis
656 592 729 676 (A),
750 592 861 657 ceteris
883 593 915 658 ei
935 593 1028 658 nats
1050 594 1085 658 et
1101 592 1240 658 bonitate

172 697 264 782 longe
297 691 477 781 praestans(
498 699 551 791 qui
582 715 642 763 uon
669 697 790 775 clara,
822 697 877 763 sed
911 697 1057 763 clarum
1088 698 1239 782 scriptum

172 803 282 882 babet,
304 803 452 879 Senecam
475 803 613 870 ostendit
634 802 807 885 scripsisse:
845 803 989 869 clarum
1010 810 1142 886 numen,
1172 823 1239 869 no·

173 909 266 974 bilis
301 909 340 975 et
369 910 539 977 formosa
569 908 719 986 coniux,
760 907 919 977 librarium
951 911 1057 974 autem
1089 929 1109 975 a
1139 910 1239 992 priore

173 1015 291 1100 syllaba
322 1034 368 1080 no
401 1014 440 1079 ad
477 1016 608 1080 altorem
639 1015 835 1080 aberrantem
870 1015 1056 1081 vocabulum
1087 1015 1237 1082 omisisse.

173 1121 344 1203 Aptissima
364 1121 446 1186 inter
466 1119 761 1185 eeteraaduenticie
784 1121 816 1184 et
835 1121 1101 1186 externa‘claritas
1115 1123 1237 1206 generis

174 1222 206 1287 et
226 1223 360 1289 nominis
381 1226 514 1307 ponitur.
675 1272 679 1281 -
1178 1298 1183 1306 ,

242 1330 352 1397 ‚Plane
374 1331 438 1396 iam
458 1331 667 1416 perpurgatis,
699 1351 769 1415 qua
788 1332 824 1396 in
843 1332 997 1398 codicibus
1011 1332 1127 1416 ,posita
1154 1334 1237 1410 snut,

172 1437 240 1500 tum
261 1455 334 1501 vero
360 1437 558 1502 retractanda
582 1438 687 1503 omnia
713 1456 750 1503 ea
777 1438 921 1504 credonis
938 1420 1170 1522 ¹sententiaeque
1190 1439 1237 1502 in-

172 1540 260 1620 dicia,
283 1542 392 1624 quibus
407 1541 479 1606 iam·
496 1541 528 1605 in
549 1544 661 1609 mendo
684 1544 836 1633 arguendo
856 1562 931 1610 usus
943 1545 1010 1623 sis,
1039 1544 1237 1610 consideran-

172 1647 307 1730 dumque
326 1666 385 1713 non
411 1646 520 1725 solum,
542 1647 618 1730 quid
633 1648 758 1732 respuat
776 1649 879 1728 loeus,
909 1649 964 1715 sed
985 1650 1058 1733 quid
1083 1649 1237 1715 desideret

171 1752 211 1819 ad
229 1772 301 1832 eum
317 1754 480 1821 sententiae
502 1754 534 1819 et
557 1754 732 1838 argumenti
753 1757 903 1835 tenorem,
926 1757 1012 1821 euius
1032 1755 1164 1840 resb'gin
1184 1775 1237 1821 su·

171 1858 290 1940 persint
309 1862 341 1924 et
362 1861 415 1944 qui
432 1860 674 1944 precedentibus
696 1860 1011 1944 subsequentibusque
1033 1863 1105 1944 apte
1125 1861 1236 1927 adiuu-

171 1964 273 2051 gatur,
295 1967 535 2032 oondnuandum
556 1969 588 2032 et
608 1968 844 2045 absolvendum,
861 1966 1236 2051 ad-grammaticam'ora·

170 2070 261 2136 tionis
285 2073 471 2141 structuram
491 2093 571 2154 eam,
596 2094 663 2157 quae
686 2093 722 2140 ex
742 2074 792 2154 iis,
814 2093 881 2157 quas
904 2073 1027 2156 integra
1045 2074 1236 2150 manserunt,

170 2177 325 2258 pellucsat
347 2180 379 2243 st
392 2178 543 2257 emineat,
563 2172 820 2262 persequendam,-
842 2179 882 2245 ad
896 2179 1026 2244 formam
1039 2178 1236 2255 rhetoricam,

175 2300 242 2362 quae
263 2282 296 2345 in
319 2283 470 2348 contrarie
491 2284 613 2360 relatis,
638 2285 670 2349 in
699 2284 849 2350 adscensu
870 2285 925 2348 sut
946 2283 1005 2348 alio
1025 2283 1236 2366 modo=appe·

172 2387 248 2463 reat,
263 2387 489 2468 perficiendam,
512 2390 553 2456 ad
566 2389 728 2456 uerborum
741 2390 875 2454 colerem
886 2389 1098 2474 imaginemus
1112 2390 1235 2467 seriem,

173 2493 429 2575 quamproxime
455 2495 605 2574 habeant,
641 2493 893 2573 conservandam,
920 2496 1012 2579 atque
1036 2494 1102 2561 brec
1131 2495 1236 2560 omnia

173 2614 243 2662 eum
266 2598 406 2669 codicum
430 2601 569 2685 vestigiis
598 2600 722 2666 nudatis
744 2602 776 2665 et
792 2601 940 2675 ,securata
960 2588 1108 2683 inspeetis
1131 2600 1235 2677 conie-

171 2702 284 2780 renda,
316 2705 397 2787 apud
432 2708 538 2789 petias
572 2705 711 2772 adbibita
738 2722 846 2773 uersus
881 2707 949 2792 lege
983 2709 1015 2772 et
1046 2708 1128 2772 certo
1163 2705 1235 2770 fine.

170 2807 341 2881 Efficiatur
358 2810 441 2876 enim
470 2831 551 2895 saepe
578 2812 680 2883 sirmle
707 2812 823 2897 aliquid
848 2832 972 2895 prorsus
1001 2809 1236 2878 matbematico-

171 2932 241 2979 rum
262 2914 412 2995 formulis,
431 2936 503 2983 oum
523 2918 556 2983 iu
576 2919 633 2998 iis,
655 2919 940 3002 quasraequsuones
961 2917 1129 3002 appellant,
1151 2935 1236 3000 quae-

172 3020 259 3099 uitur,
283 3021 356 3106 quid
373 3041 470 3088 unum
492 3024 718 3095 condicionibus
748 3025 883 3108 undique
910 3025 1085 3090 constitutis
1106 3042 1236 3106 respon·

172 3127 259 3204 deat;
287 3128 437 3211 quomodo
463 3129 538 3195 olim
565 3135 681 3213 (opusc.
709 3130 845 3196 academ.
866 3131 884 3195 I
904 3141 933 3212 p;
955 3131 1032 3211 486)
1058 3130 1091 3193 in
1114 3127 1235 3194 Cicero-

172 3236 221 3301 nis
242 3235 377 3301 oratione
398 3253 454 3317 pro
475 3233 589 3301 Sestio'
598 3235 660 3297 104
686 3236 807 3302 ostendi
831 3235 864 3299 in
888 3223 1008 3300 litteris
1022 3233 1236 3300 malexatur

172 3339 346 3407 necessario
376 3340 501 3407 subesse
531 3359 670 3422 presens
693 3339 857 3406 iudicatiui⁴
879 3341 1003 3423 tempus
1030 3341 1115 3407 vorbi
1144 3341 1235 3422 depo

171 3447 272 3512 nentis
304 3446 410 3530 primae
447 3445 666 3530 coniugationis
697 3445 730 3509 in
761 3464 825 3509 xor
857 3447 1008 3523 exeuntis,
1039 3447 1176 3512 studium
1204 3447 1236 3510 et

172 3571 312 3619 amoram
333 3551 553 3637 significantis;
584 3552 617 3616 id
644 3556 712 3617 esse
735 3551 984 3634 amplexatur.
1027 3549 1087 3617 Sed
1108 3553 1166 3617 boe
1186 3552 1235 3616 in-

171 3658 283 3736 tersst,
312 3659 393 3740 quod
415 3657 495 3740 apud
516 3676 571 3723 nos
592 3674 692 3739 neque
714 3657 781 3720 tam
803 3655 895 3720 certis
921 3656 1063 3722 terminis
1093 3656 1235 3740 notisque

172 3760 380 3828 circumscribi
397 3758 443 3844 id,
466 3763 544 3849 quod
566 3762 720 3848 quaeritur,
742 3761 845 3849 potest
865 3750 973 3844 nequo,
993 3763 1030 3827 ut
1050 3764 1161 3846 praesto
1183 3764 1235 3842 sit,

172 3868 344 3934 necessario
372 3869 457 3955 cogi,
492 3867 572 3953 quod
598 3868 679 3951 apud
710 3864 779 3945 illos
805 3867 857 3945 fit,
883 3852 918 3931 'si
949 3869 1033 3931 recte
1066 3869 1236 3934 constituta

171 3974 309 4059 equatio·
326 3978 385 4043 est.
430 3975 512 4041 Nam
536 3962 618 4059 sepe
639 3973 759 4058 animus
781 3972 910 4038 autnon
931 3972 967 4038 in
979 3975 1095 4038 rectam
1114 3978 1235 4059 purtem

172 4079 333 4165 querendo
352 4081 524 4147 intenditur
544 4080 599 4147 aut
618 4079 740 4158 incidit,
768 4079 823 4144 aut
844 4078 994 4143 memoris
1012 4080 1136 4147 criticus
1158 4082 1235 4146 defi·
