2580 4530
211 237 269 301 ses
646 240 707 321 ιιι.
726 244 747 297 ι.

165 438 276 504 fecisse
297 422 328 504 in
342 457 378 504 ea
393 452 436 515 re,
456 458 563 507 verum
578 458 735 524 nunquam
749 439 875 506 familiae
891 441 1079 524 praeluisse“.
1121 443 1231 525 Itaque

165 543 290 627 prorsus
324 548 449 612 arcendi
482 552 555 621 sunt
587 529 725 612 in'felices
758 564 863 611 eorum
896 548 1037 621 conatus,
1075 546 1127 629 qui
1163 548 1232 612 haec

165 652 391 734 transponendo
420 653 569 719 divellere
596 653 766 718 voluerunt.
810 652 870 718 Sed
897 655 933 718 ut
959 653 1078 718 dicatur
1100 653 1229 719 Latine:

167 758 308 823 servili
334 777 490 851 mune-re
519 779 575 825 me
603 757 729 824 offero
759 759 804 823 ad
833 759 991 842 aliquid¹
1009 758 1229 824 faciendum

166 883 222 946 pro
245 883 288 940 eo,
311 865 392 948 quod
414 865 475 930 est:
499 865 544 930 ad
566 864 713 931 servile
734 883 868 929 munus
892 865 1044 945 (seruili
1064 861 1226 942 muneri)

165 989 222 1035 me
243 970 380 1046 offero,
402 972 506 1045 tamen
519 970 623 1036 Cicero
641 989 799 1052 nunquam
815 970 951 1037 dicturus
963 973 1030 1036 erat
1041 970 1229 1038 senatorium

167 1079 199 1141 et
232 1077 408 1160 praetorium
440 1075 608 1151 hominem,
639 1093 730 1158 quem
758 1075 951 1158 defenderet,
979 1079 1090 1144 servile
1116 1096 1228 1142 munus

166 1183 296 1248 subisse.-
339 1181 587 1269 ScilioctOicero
609 1181 786 1264 scripserat:
830 1182 903 1259 Sed
924 1185 1050 1250 tamen
1072 1201 1232 1248 munere

31 1356 35 1360 ,
166 1286 307 1362 Servili
336 1289 482 1353 obtulit
513 1307 552 1354 se
575 1289 634 1353 cet.
674 1278 822 1352 ‘Pamilia
848 1288 962 1354 Fausto
989 1290 1093 1372 empta
1129 1290 1229 1354 locata

24 1468 28 1474 ,
166 1393 265 1458 fuerat
276 1392 403 1458 Servilio
425 1395 525 1460 nescio
547 1395 596 1458 cui
617 1403 728 1458 munus
751 1393 857 1458 eodem
879 1396 1016 1478 tempore
1037 1395 1138 1471 danti3
1160 1399 1228 1460 tum

167 1497 254 1564 Sulla
276 1499 432 1563 obtulerat.
455 1518 489 1564 se
517 1499 556 1563 ad
583 1499 769 1569 ferramenta
795 1501 1014 1584 prospicienda.
1059 1501 1232 1578 (Munere

167 1603 326 1670 Servi-lii
348 1605 413 1670 sine
439 1602 654 1689 praepositione
677 1604 789 1669 dicitur
809 1607 880 1669 noto
908 1623 980 1682 usu3
1009 1605 1069 1670 vid.
1091 1625 1136 1688 gr.
1159 1607 1228 1672 Lat.

166 1710 266 1795 §276
289 1731 319 1776 ιι.
335 1712 388 1794 2.)

63 1807 68 1820 '
268 1817 327 1882 Sed
349 1818 507 1882 veniamus
529 1817 569 1881 ad
591 1834 641 1881 eos
662 1817 754 1892 locos,
776 1816 809 1880 in
825 1815 934 1897 quihus
947 1832 1059 1879 nomen
1074 1817 1228 1882 mutatum

84 1944 88 1955 ¹
168 1905 309 1994 nonnihil
338 1926 375 1989 et
403 1923 603 2005 depravatum
637 1925 700 1999 est,
733 1922 956 2006 scriptoresque
990 1920 1163 2006 linguarum
1197 1927 1229 1988 et

167 2030 341 2112 temporum
363 2028 469 2093 ordine
493 2047 719 2111 persequamur
770 2027 944 2092 Primum
935 2027 1030 2110 rgitur
993 2028 1124 2106 arrivs
1146 2028 1228 2110 apud

166 2134 399 2217 Xenophontem
420 2134 491 2199 hist
507 2133 605 2198 Graec.
623 2135 665 2213 ΙΙ,
682 2134 711 2210 4,
733 2134 784 2208 34,
806 2136 968 2216 postquam
990 2134 1147 2198 narratum
1169 2135 1233 2214 est,

166 2240 354 2305 Pausaniam
375 2257 480 2323 regem
501 2239 812 2314 Lacedaemoniorum
834 2258 904 2304 cum
926 2239 1132 2305 Athenienses
1154 2259 1225 2321 per·

168 2363 297 2443 sequens
319 2363 415 2428 usque
437 2343 476 2407 ad
502 2344 658 2408 theatrum
680 2344 770 2409 Piraei
799 2314 977 2428 progressis
1007 2348 1103 2419 esset,
1134 2346 1233 2410 vehe-

167 2439 289 2515 menter
308 2451 352 2514 ibi
373 2452 527 2533 oppugnat
527 2468 580 2513 um
602 2467 669 2514 esse
691 2451 824 2531 primum
841 2469 860 2513 a
875 2451 952 2516 levis
967 2453 1067 2515 armat
1067 2464 1129 2515 urae
1143 2450 1228 2515 mili-

167 2556 250 2621 tibus
273 2556 505 2638 compluresque
526 2554 570 2619 ibi
591 2573 607 2619 e
628 2555 866 2621 Lacedaemoniis
889 2556 1049 2633 cecidisse,
1074 2556 1230 2621 adduntur

165 2662 246 2725 haec:
293 2655 408 2746 Ὁρῶν
444 2658 477 2725 δὲ
512 2658 617 2724 ταῦτα
648 2654 667 2725 o‘
699 2654 944 2746 Θρασύβουλος
971 2653 1031 2729 Ιιιι
1063 2667 1096 2729 οἱ
1129 2651 1225 2729 ἄλλὀι

165 2761 302 2832 ὁπλῖται
326 2759 500 2853 ἐβοήθουν
523 2768 581 2832 καὶ
597 2761 681 2854 ταχύ
704 2762 938 2853 παρετάξαντο
946 2764 1018 2853 πρὸ
1031 2770 1099 2834 τών
1114 2765 1226 2834 ἄλλων

166 2867 218 2939 ἐπ’
240 2867 336 2940 ὀκτώ.
372 2873 431 2952 Qui
451 2873 519 2937 fieri
538 2873 648 2956 potuit,
672 2876 714 2950 ut,
738 2877 789 2958 qui
811 2879 920 2959 postea
942 2874 1077 2941 subsidio
1098 2875 1224 2952 veniret,

166 2981 267 3067 gravis
287 2980 450 3045 armaturae
471 2978 586 3045 milites
615 2981 686 3046 ante
711 2983 795 3047 leves
822 2983 865 3045 aa·
881 2981 1051 3063 expeditos,
1083 2981 1134 3064 qul
1161 2980 1226 3045 iam

167 3087 360 3153 excurrerant
381 3085 574 3150 ethostibus
600 3086 802 3162 inhaerebant,
831 3087 1050 3152 constitueret
1091 3087 1226 3172 Thrasy-

165 3193 255 3261 bulus
276 3210 348 3257 vero
374 3185 442 3277 πρό
469 3191 538 3256 τών
559 3186 688 3259 ‘Ateio
715 3194 828 3258 exercit
828 3213 881 3258 um
912 3193 1070 3259 constitrit
1078 3193 1231 3276 3itaque

162 3321 236 3367 cum
253 3282 431 3363 Pausanias
460 3315 622 3363 conversus
656 3298 781 3363 collecta
812 3300 843 3364 et
875 3299 971 3364 densa
1003 3299 1201 3384 phalange
1191 3318 1225 3364 ru

166 3405 369 3472 Athenienses
390 3403 571 3493 ingruisset,
592 3403 625 3468 hi
645 3404 795 3487 impeturn
816 3422 875 3469 non
901 3404 1089 3470 sustinentes
1110 3404 1225 3487 partim

8 3590 11 3595 ¹
47 3500 56 3565 s
165 3506 380 3599 ἐξεώσθησαν
410 3513 459 3584 εἰς
484 3503 547 3575 τόν
580 3514 618 3574 ἐν
645 3522 719 3582 ταῖς
740 3504 860 3583 ‘Arare
887 3503 999 3594 πηλόν
1028 3516 1132 3594 (quem
1152 3511 1224 3594 post

112 3693 113 3696 Ἴ
164 3623 286 3704 tergum
306 3617 524 3700 reliquerant),
556 3615 670 3704 partim
692 3615 845 3700 trgemnt.
888 3609 1002 3682 ‘Al-uio
1024 3618 1103 3696 (saio
1120 3610 1224 3693 Ἀξω-

164 3725 288 3801 νίιιων),
311 3724 394 3789 demi
404 3723 502 3787 Piraeo
514 3722 616 3796 vicini,
638 3724 670 3786 et
689 3721 836 3804 paludum
851 3722 945 3788 situm
960 3723 1101 3807 Kieperti
1118 3723 1224 3789 tabula

164 3829 350 3896 monstrabit
358 3829 394 3912 ¹).

198 3992 220 4059 ¹)
238 3991 328 4045 Minus
346 3991 491 4063 diligenter
502 3977 651 4064 Xenophon
670 3994 777 4064 scripsit
795 3995 840 4050 καὶ
860 3994 887 4050 οὶ
905 3990 984 4051 ἄλλοι
1003 3991 1165 4082 ὁπλῖταιιιι
1183 3995 1226 4050 ita

233 4084 348 4154 scripsit.
385 4086 454 4141 Nam
473 4088 541 4142 nulli
559 4091 639 4143 antea
657 4088 840 4157 pugnaverant
858 4083 977 4153 ὁπλῖται,
995 4085 1050 4152 sed,
1067 4102 1127 4142 cum
1145 4086 1227 4142 ades-
