2580 4530
231 249 250 312 2
630 247 802 304 Prooemium.
843 302 853 317 „
890 238 903 277 ·“

273 445 476 510 Continebunt
504 445 538 509 hi
565 445 808 511 adversariorum
835 446 907 511 libri
937 446 997 528 (sic
1020 448 1102 512 enim
1130 450 1251 531 recepto

188 550 251 615 iam
276 551 358 617 inter
384 551 555 634 philologos
583 552 705 616 nomine
737 553 769 616 et
795 552 929 634 plurium
951 554 1089 636 exemplo
1112 573 1252 636 compro-

187 658 259 722 bato
280 658 434 740 appellare
447 658 575 740 placuit)
599 658 704 722 eodem
725 657 789 723 fere
810 678 937 725 numero
954 657 1064 724 Graeca
1085 660 1117 723 et
1130 659 1251 739 Latina,

187 765 287 846 priore
308 763 371 828 loco
385 758 450 841 illa,
472 763 554 846 quod
573 764 686 828 nraeoae
707 764 820 828 litterae
843 766 874 828 et
895 765 1033 846 tempore
1055 766 1087 828 et
1101 765 1251 848 dignitate

186 870 372 951 praecedunt.
426 871 529 954 Atque
562 873 652 934 erunt
683 869 832 947 fortasse,
874 869 926 952 qui
958 869 1074 953 aliquid
1106 871 1183 934 mihi
1219 873 1250 937 in

186 975 305 1040 Latinis
325 976 438 1041 litteris
467 977 605 1040 tribuant
626 977 658 1040 et
679 975 711 1039 in
734 994 770 1039 eo
785 994 897 1059 genere
918 994 1029 1039 novaa
1050 994 1101 1039 me
1119 977 1253 1042 libenter

187 1081 348 1163 accipiant,
374 1083 411 1147 de
435 1082 548 1148 Graccis
571 1082 720 1145 mirentur
744 1100 780 1144 ac
800 1081 902 1144 minus
924 1080 1104 1144 benevolam
1126 1099 1252 1162 exspec-

186 1188 333 1252 tationem
369 1188 512 1264 afferant‚
552 1187 629 1269 quod
668 1204 736 1250 eam
775 1186 948 1270 philologiae
986 1187 1105 1268 partem
1150 1187 1251 1250 adhuc

186 1293 288 1358 minus
322 1293 482 1358 scribendo
517 1292 616 1376 attigi.
658 1293 723 1376 Ego
756 1293 859 1356 autem
892 1311 962 1356 cum
995 1292 1170 1356 adolescens
1199 1294 1249 1357 vel

186 1400 337 1482 praecipuo
366 1417 471 1463 amore
496 1400 528 1462 et
554 1397 655 1463 studio
677 1397 798 1463 Graecas
829 1397 951 1462 litteras
973 1397 1153 1476 noluissem,
1185 1399 1249 1481 pri-

137 1508 144 1524 ‘
185 1527 271 1572 mum
287 1499 386 1590 ¹prope
408 1523 480 1569 casn
494 1503 614 1582 accidit,
636 1506 680 1582 ut,
701 1521 774 1569 cum
787 1505 942 1588 specimen
958 1501 1082 1586 aliquod
1096 1503 1249 1569 edendum

186 1615 277 1692 esset,
304 1614 341 1677 de
364 1610 519 1677 Ciceronis
546 1611 648 1693 potius
670 1611 865 1675 Academicis
887 1613 919 1676 et
947 1612 1034 1678 libris
1064 1614 1102 1678 de
1129 1615 1250 1698 legibus

186 1719 386 1786 emendandis
402 1718 626 1783 commentarer
646 1736 739 1800 quam
761 1717 798 1782 dc
812 1717 950 1782 Platonis
971 1718 1102 1803 legibus,
1121 1740 1250 1803 quarum

184 1830 248 1894 iam
279 1829 346 1892 tum
373 1826 488 1890 bonum
513 1824 653 1889 locomm
680 1843 842 1888 numemm
870 1828 1110 1910 correxeram¹);
1140 1827 1251 1892 deinde

186 1954 256 1999 curn
279 1932 379 1998 subito
407 1930 581 2014 nequedum
608 1929 685 1994 satis
712 1930 836 2012 paratus
862 1930 1044 2012 professoris
1070 1931 1250 1995 Latinarum

184 2041 378 2116 litterarum,
408 2057 475 2120 qnae
500 2039 604 2119 partes
630 2038 699 2100 tum
730 2036 810 2117 apud
843 2056 896 2101 nos
925 2056 943 2100 a
972 2036 1079 2102 Graeca
1105 2037 1251 2119 professi-

185 2164 242 2211 one
263 2145 354 2227 plane
376 2143 524 2225 separatae
542 2142 651 2219 erant,
679 2141 746 2207 vice
772 2142 858 2226 fungi
878 2143 980 2208 iussus
1003 2162 1103 2208 essem
1128 2144 1160 2207 et
1180 2146 1251 2226 post

63 2229 74 2273 7
184 2252 248 2315 tres
278 2268 373 2314 annos
395 2249 439 2312 sic
467 2246 641 2330 legitimam
669 2246 842 2330 philologiae
870 2250 1002 2332 antiquae
1029 2249 1250 2332 professionem

185 2354 333 2432 adissem,
363 2355 399 2418 ut
417 2354 523 2417 tamen
545 2352 577 2415 et
600 2351 819 2417 consuetudine
842 2353 873 2416 et
894 2354 973 2436 quod
1000 2355 1124 2437 collegae
1152 2356 1251 2421 multo

184 2461 308 2526 maioris
330 2460 405 2523 natu
427 2460 458 2522 et
478 2459 555 2522 bene
576 2457 614 2520 de
633 2475 684 2520 me
700 2456 804 2520 meriti
818 2459 1008 2523 voluntatem
1026 2460 1249 2526 concertatione

184 2567 296 2632 laedere
319 2566 476 2642 nolebam,
503 2563 586 2628 intra
607 2563 732 2627 Latinos
764 2563 841 2629 fines
870 2564 998 2632 docendi
1027 2570 1250 2653 scriptoresque

186 2672 347 2737 enarrandi
375 2689 465 2753 opera
492 2670 672 2735 continenda
699 2670 795 2748 esset,
822 2689 876 2753 per
901 2673 1049 2738 tredecim
1070 2675 1132 2740 fere
1155 2695 1250 2742 annos

186 2777 289 2844 studia
309 2777 459 2860 praecipue
483 2776 521 2840 ad
538 2775 664 2840 Latinas
685 2775 806 2841 litteras
829 2779 861 2842 et
882 2797 931 2843 res
946 2779 1101 2846 Romanas
1124 2783 1250 2848 contuli.

185 2884 227 2948 Et
246 2886 350 2948 tamen
367 2882 580 2948 commentarii
591 2882 960 2963 Ciceronianideclarant
982 2906 1032 2951 me
1055 2907 1089 2952 co
1112 2889 1251 2971 tempore

185 2991 296 3074 praeter
317 2988 479 3070 scriptores
503 2989 635 3067 Graecos,
658 2989 710 3071 qui
730 3009 779 3055 res
802 2989 956 3056 Romanas
978 2993 1150 3078 attingunt,
1176 3015 1250 3078 quos

187 3099 252 3162 turn
273 3095 345 3159 inde
367 3112 385 3157 a
407 3095 534 3180 Polybio
559 3096 598 3162 ad
618 3095 750 3159 Dionem
773 3095 914 3161 Cassium
936 3101 1132 3180 pertractavi,
1156 3103 1250 3168 etiam

187 3203 230 3281 is,
275 3221 292 3266 e
328 3201 438 3284 quibus
472 3200 672 3283 philosophiae
707 3200 820 3266 Graecae
854 3205 987 3288 cognitio
1022 3208 1152 3289 petitur,
1188 3228 1249 3274 non

191 3396 386 3408 ——oe———ss

215 3495 240 3562 ¹)
257 3497 290 3550 ln
309 3494 402 3549 libello
420 3491 468 3546 illo
490 3494 546 3546 tres
563 3493 641 3560 posui
660 3491 812 3546 Graecorum
829 3492 948 3549 locorum
966 3495 1150 3562 correctiones,
1169 3513 1250 3552 unum

259 3589 421 3644 scholiorum
446 3585 475 3639 in
494 3583 632 3652 Euripidis
651 3584 786 3648 Orestem,
814 3602 893 3655 quam
918 3587 965 3655 qui
991 3603 1021 3640 eo
1042 3587 1099 3641 loco
1118 3588 1160 3640 usi
1178 3591 1249 3653 sunt,

257 3684 410 3746 tenuerunt,
429 3679 538 3733 alteram
556 3677 678 3732 Platonis
697 3678 729 3732 dc
747 3679 819 3748 legg.
837 3679 891 3732 XII
907 3696 934 3748 p.
943 3682 995 3736 953
1005 3681 1038 3744 D,
1057 3679 1104 3733 nbi
1122 3678 1158 3741 id,
1178 3681 1249 3748 quod

258 3790 308 3844 ego
335 3775 487 3829 coniectura
514 3787 660 3842 posueram,
688 3773 774 3826 multo
793 3776 854 3840 post
881 3772 1076 3827 Stallbaumius
1104 3774 1131 3825 et
1160 3772 1208 3826 alii
1235 3790 1249 3827 e

193 3857 207 3934 Ἀ
258 3868 348 3923 codice
367 3867 477 3936 antiquo
495 3867 657 3936 protractum
676 3865 861 3934 probaverunt,
885 3866 993 3919 tertiam
1012 3865 1142 3920 Herodoti
1159 3868 1181 3929 l,
1205 3869 1248 3931 33,

258 3963 287 4015 in
321 3978 373 4031 quo
401 3960 459 4014 loco
488 3958 647 4014 sententiam
675 3958 808 4027 perspexi,
842 3975 896 4014 non
928 3957 1055 4014 orationis
1087 3958 1250 4028 singularem

248 4048 379 4112 sormam.
