2580 4530
225 271 285 332 170
657 269 716 326 Lib.
736 271 757 324 Ι.

181 480 303 536 conduc
331 467 449 546 edidit),
475 460 707 552 μυθήσασθαι
730 468 800 545 (Od.
822 469 869 547 Π,
896 467 1013 550 373)¹)‚
1047 469 1078 531 et
1107 466 1135 530 si
1162 466 1242 549 quod

179 578 280 642 simile
301 579 357 649 est,
381 574 527 647 unoloco
549 566 690 641 ὀλέσθαι
711 595 766 659 pro
796 569 951 653 όλιῑοδαι
983 571 1051 650 (Od.
1083 572 1138 647 IX,
1162 573 1239 648 496;

178 703 252 747 nam
272 679 404 746 Ameisii
424 680 635 764 interpretatio
654 700 749 764 prava
770 681 842 751 est).
887 679 955 743 Duo
970 682 1075 760 tamen
1097 679 1241 745 videntur

178 789 305 853 certiora
327 788 464 870 exempla
478 808 555 868 esse,
578 789 710 855 alterum
733 786 788 850 Od.
803 786 905 863 XXII,
931 787 987 850 35:
1012 777 1037 850 ὦ
1060 779 1173 861 κύνες,
1198 783 1239 852 οὔ

178 886 283 979 pc's't'
306 885 468 976 ἐφάσκεθ’
492 887 691 987 ὑπότροπον
713 885 821 959 οἴκαδ’
849 895 999 969 ἱκέσθαι,
1027 893 1160 956 alterum
1183 893 1238 957 Od.

178 1002 232 1079 IV,
254 1004 330 1064 254:
354 997 470 1083 ὤμοσα
494 996 659 1086 καρτερόν
680 996 782 1082 ὅρκον
805 994 864 1083 Μή
887 993 959 1082 μήν
981 1000 1063 1082 πρὶν
1085 992 1237 1082 Ὀδυσῆα

178 1102 265 1190 μετα
304 1100 450 1190 Τρώοοιῖ
474 1099 658 1190 οἷναφῆναι.
701 1107 747 1170 Ex
769 1107 816 1170 his
842 1106 927 1188 prius
956 1104 1069 1196 schqlia
1107 1105 1240 1187 eripiunt

177 1215 334 1295 totamque
364 1231 430 1276 rem
462 1211 583 1294 egregie
623 1211 818 1287 confirmant3
853 1212 967 1275 habent
1002 1211 1084 1273 enim
1123 1213 1237 1277 οἴκαδε

67 1308 70 1314 ’
178 1328 325 1403 νεῖσθαι,
349 1318 509 1399 antiquum
530 1319 666 1394 verbum,
690 1317 834 1399 quodpro
847 1317 948 1381 futuro
960 1316 1031 1398 poni
1043 1317 1239 1382 notissimum

177 1430 239 1502 est;
261 1446 314 1509 pro
338 1444 372 1491 eo
395 1443 413 1488 a
434 1423 565 1487 librariis
587 1424 742 1507 vulgarius
765 1423 967 1488 substitutum
996 1424 1051 1487 ost.
1095 1424 1238 1488 Alterum

177 1532 350 1615 exemplum
380 1549 434 1612 per
461 1549 494 1594 se
522 1549 593 1593 sane
628 1529 841 1594 firmissimum·
877 1529 1012 1605 videtum
1049 1529 1105 1592 sed
1135 1550 1174 1594 ne
1206 1530 1237 1593 id

176 1637 311 1720 quidem,
331 1636 370 1701 ad
391 1637 470 1701 hanc
483 1636 679 1700 solitudinem
693 1635 859 1713 redactum,
875 1654 998 1718 prorsus
1014 1634 1237 1700 dubitationem

66 1762 71 1768 ·
176 1743 324 1820 excludit3
346 1763 418 1806 nam
432 1743 584 1826 (quoniam
606 1743 759 1808 Homerus
781 1761 886 1807 versus
909 1760 1000 1805 causa
1022 1741 1053 1803 ct
1075 1733 1235 1826 ὀνομήνω

175 1850 312 1932 (Od.IV‚
335 1850 406 1925 240,
428 1848 516 1913 Iliad.
530 1848 585 1924 ΙΧ,
611 1851 681 1928 121)
703 1854 735 1914 et
759 1849 893 1932 φαείνω,
917 1847 949 1911 id
971 1849 1018 1910 est
1042 1846 1147 1929 φανῶ,
1164 1848 1236 1927 (Od.

174 1954 245 2034 ΧΠ,
267 1956 341 2030 383)
363 1976 418 2037 pro
440 1955 551 2020 futuris
575 1956 659 2031 dixit,
681 1956 775 2020 mixto
798 1955 981 2022 coniunctivi
1002 1957 1032 2019 et
1050 1953 1146 2017 futuri
1167 1973 1235 2028 usu,

174 2083 236 2127 uon
268 2063 360 2125 nimis
393 2060 491 2124 audax
524 2062 574 2137 sit,
613 2061 664 2144 qui
702 2063 874 2143 suspicetur
916 2062 1010 2126 etiam
1044 2052 1234 2143 α’καφήνειν

175 2167 276 2232 dicore
297 2167 442 2249 potuisse.
489 2165 550 2229 Sed
571 2168 606 2229 ut
626 2167 816 2249 relinquatur
845 2187 940 2232 unum
971 2168 1029 2231 hoc
1061 2168 1235 2249 exemplum

174 2273 302 2336 mutatae
324 2273 357 2335 in
381 2271 596 2354 antiquissima
615 2273 701 2353 poesi
721 2273 852 2337 licenter
873 2274 1018 2357 syrtaria,
1048 2292 1108 2343 nou
1136 2273 1235 2357 magis

173 2377 207 2441 id
229 2377 266 2441 ad
289 2377 490 2442 constitutum
513 2377 626 2441 certius
647 2380 753 2458 postea
775 2398 947 2442 sermonem
969 2380 1123 2460 pertineat
1144 2400 1236 2462 quam

175 2483 297 2566 ἴδωμαι
320 2503 373 2564 pro
405 2482 508 2559 futuro
530 2482 673 2563 positum.
715 2483 751 2546 In
783 2483 923 2567 Sapphus
950 2485 1122 2570 fragmento
1156 2488 1236 2569 apud

173 2589 305 2655 Dionem
329 2575 433 2672 Chrys
462 2607 503 2652 or.
532 2586 682 2651 XXXVII
710 2590 783 2652 extr.
812 2591 854 2667 (II
881 2612 910 2672 p.
940 2591 998 2653 128
1031 2593 1070 2669 R)
1101 2612 1180 2657 nunc
1201 2593 1235 2656 L.

173 2682 349 2758 Dindorfius
372 2695 586 2777 Casuubonum
604 2689 732 2759 ‘secutus
748 2689 944 2777 μνιῖοιοθαι
960 2719 1014 2780 pro
1032 2693 1234 2781 povocandae

173 2800 304 2893 scripsit.
349 2801 441 2883 Apud
457 2801 625 2864 Pindarum
647 2802 750 2887 optem
768 2801 858 2868 Nem.
876 2805 946 2882 Vll,
964 2807 1000 2866 71
1025 2802 1131 2888 ὄρσαι,
1156 2807 1236 2888 quod

172 2895 331 2970 Disse'nius
347 2927 400 2988 pro
423 2908 523 2971 futuro
547 2908 665 2990 accipit,
688 2910 836 2990 praeteriti
857 2911 1110 2994 significationem
1123 2913 1235 2977 hahere

171 3012 307 3077 ostendit
336 3034 365 3076 v.
391 3016 428 3072 lo
457 3015 503 3092 (εἴ
527 3042 558 3079 τι
592 3019 698 3096 πέραν
725 3008 864 3100 <iapheth
892 3011 1100 3102 or'os'cpoyoo).
1145 3018 1235 3100 Apud

172 3119 307 3194 scenicos
335 3120 440 3200 poetas
468 3121 668 3201 paucissima,
696 3123 723 3186 si
755 3141 827 3187 cum
858 3123 977 3187 infinite
1010 3124 1231 3188 contrariorum

171 3225 257 3306 copia
289 3228 513 3312 comparentur,
549 3229 687 3310 exempla
718 3228 900 3293 obiiciuntnr
930 3233 961 3291 et
994 3230 1056 3293 fere
1090 3230 1233 3310 expeditu

169 3331 335 3412 perfacilis
385 3331 483 3409 Quem
514 3333 596 3396 enim
622 3335 691 3419 post
721 3352 773 3410 ea,
807 3354 873 3418 quoe
900 3335 1056 3417 disputata
1084 3337 1232 3400 hactenus

171 3438 253 3513 sunt,
275 3436 388 3501 morari
410 3438 510 3519 potest
526 3437 683 3518 Sophoclis
704 3440 818 3504 Electr.
840 3442 901 3503 443
924 3444 969 3518 (εἴ
982 3467 1033 3505 οοι
1060 3489 1115 3504 ...
1142 3441 1232 3505 δοκεῖ

171 3527 258 3625 Γὲρα
282 3591 289 3606 .
315 3591 321 3605 .
347 3592 353 3605 .
378 3542 537 3618 δέξασθαι
562 3547 668 3621 νέκυς,
699 3546 851 3611 Heathius
875 3549 1042 3624 δέξεσθαι)
1066 3550 1120 3612 aut
1141 3548 1231 3612 Euri-

201 3806 224 3874 ι)
243 3807 391 3863 Ameisius:
414 3810 524 3877 „Aorist
541 3811 609 3865 ohne
627 3811 718 3882 Bczug
735 3813 785 3867 aui
799 3814 842 3868 die
861 3815 944 3869 Zeit‘t
983 3816 1106 3869 Veterem
1119 3779 1232 3869 cantile-

183 3974 188 3985 ,
238 3906 312 3953 namt
348 3902 430 3955 Recte
457 3903 511 3956 inm
538 3903 693 3959 Nitzschius
719 3906 753 3960 ad
772 3906 821 3961 Od.
840 3908 877 3971 ΙΙ,
908 3911 959 3964 198
987 3908 1057 3977 apud
1085 3908 1230 3962 Homerum

238 3993 368 4046 aoristum
385 3995 474 4048 verbis
497 3995 611 4064 putandi
634 3996 790 4051 adiunctum
812 4002 919 4054 tontum
946 4002 1076 4069 preteriti
1100 4002 1234 4071 significu-

239 4083 341 4137 tioncm
359 4085 455 4141 hahere
474 4088 576 4142 scribit.
