2580 4530
230 268 270 332 50
671 269 731 325 Lib.
751 272 774 328 Ι.

188 484 261 529 suae
284 482 392 546 quam
400 463 627 533 securitati
650 469 801 533 consuli
828 467 960 543 malit;
988 467 1153 549 proinde
1175 467 1257 532 ista

188 571 247 635 cet
290 570 332 653 Et
352 571 509 677 legitur
484 591 529 636 sro
544 573 576 637 in
599 573 702 638 codice
724 571 973 639 Rottendorfiano
996 573 1093 639 seculi
1112 572 1191 644 XII
1217 572 1254 636 ut

187 695 321 740 errorem
353 696 414 746 non
447 679 484 742 ex
507 679 642 743 omnium
674 681 850 745 nostrorum
880 678 1018 762 principe
1048 676 1255 761 propagatum

186 801 252 847 esse
275 783 443 866 appareat
477 784 560 848 Nam
582 785 752 850 coniectura
781 784 855 850 illa
865 785 956 849 aestate
978 782 1154 849 huiusmodi
1177 781 1255 847 nihil

186 889 404 972 corrigebatur.
452 886 740 956 Manifestissimam
763 890 864 967 totius,
887 891 922 954 ut
943 890 1062 972 opinor,
1094 889 1127 952 in
1150 888 1254 954 codice

185 995 369 1080 archetypo,
396 996 563 1078 ¹columnae¹
604 995 875 1078 transpositionem
909 996 941 1062 in
977 995 1182 1060 consolatione
1214 992 1253 1058 ad

185 1098 335 1164 Marciam
356 1099 470 1165 ibotam
493 1101 552 1170 alio
573 1102 640 1166 loco
663 1101 842 1184 aperiam¹).
876 1101 936 1166 Sed
950 1104 1055 1166 tamen
1077 1102 1111 1193 hi
1125 1119 1251 1174 errores,

185 1205 303 1282 sicum
331 1206 446 1271 ceteris
479 1207 656 1291 generibus,
686 1226 753 1288 quae
769 1207 1000 1290 persequimur,
1026 1209 1252 1289 comparantur,

184 1312 324 1376 omnibus
346 1313 486 1395 partibus
508 1313 667 1394 pauciores
685 1313 774 1376 sunt.

268 1419 437 1484 Coniuncta
458 1439 494 1484 er
516 1420 619 1502 aliqua
639 1419 726 1500 parte
748 1437 819 1482 cum
840 1418 898 1483 hoo
916 1417 1132 1500 transponendi
1143 1436 1250 1494 errore,

183 1513 295 1608 genere
321 1526 425 1589 tamen
447 1527 513 1608 ipso
539 1526 733 1608 aliquantum
755 1524 874 1589 diversa
896 1525 945 1588 est
965 1524 1162 1606 perfrequens
1187 1523 1249 1602 illa,

183 1630 371 1713 frequentior
403 1634 509 1697 tamen
542 1632 573 1696 in
607 1630 725 1713 Latinis
757 1629 912 1695 codicibus
948 1630 1047 1720 (velut
1074 1629 1251 1711 Ciceronis),

183 1737 315 1801 maxime
333 1737 512 1803 inferiomm
528 1737 722 1814 seculorum,
744 1755 836 1820 quam
850 1736 882 1799 in
902 1735 1025 1812 Graecis,
1048 1735 1162 1800 ordinis
1184 1754 1250 1799 rer·

182 1843 291 1908 borum
325 1845 536 1910 continuorum
571 1838 755 1927 permutatio
788 1842 838 1924 (ut
870 1842 994 1906 bonus
1027 1837 1085 1905 vir
1113 1860 1167 1924 pro
1192 1840 1250 1905 vir

183 1950 303 2015 bonus
326 1950 478 2016 scribatur
495 1953 638 2017 contrave
657 1952 688 2014 et
709 1948 823 2014 similia
848 1948 991 2031 infinita),
1014 1966 1080 2029 quae
1101 1941 1161 2011 non
1183 1948 1248 2011 tam

183 2057 339 2121 oculorum
362 2076 462 2121 errore
492 2057 588 2121 oritur
615 2046 712 2139 quam-
737 2054 892 2120 memoriae
919 2053 1007 2135 plura
1039 2053 1129 2116 verba
1158 2048 1250 2118 simul

116 2172 120 2179 '
182 2162 333 2227 scribendi
355 2179 447 2226 causa
469 2162 687 2243 comprehensa
701 2180 762 2224 non
785 2160 894 2231 ordine,
907 2144 1071 2235 servantis,
1093 2158 1249 2223 interdum

182 2267 261 2349 quod
283 2267 382 2349 magis
407 2266 550 2330 adsuetus
573 2266 718 2331 scribenti
748 2265 825 2328 alius
854 2267 902 2328 est
929 2263 1003 2329 ordo
1035 2246 1132 2347 (velut
1159 2267 1244 2347 quis

181 2371 277 2434 enim
306 2372 364 2434 est
392 2389 482 2452 quam
514 2372 599 2452 quis
629 2370 690 2434 est
717 2371 837 2445 enim),
871 2388 957 2446 raro,
991 2370 1185 2452 quodverba
1206 2368 1244 2433 ad

180 2475 366 2540 sententiam
393 2476 588 2558 coniungenti
624 2475 703 2539 falsa
730 2475 846 2556 speeies
878 2475 1022 2539 occurrit.
1073 2475 1176 2558 Atque
1209 2495 1243 2540 ex

179 2582 237 2644 hao
258 2580 421 2645 verborum
442 2580 687 2662 transpositione,
707 2599 774 2662 quae
795 2580 827 2643 in
850 2579 942 2644 certis
964 2580 1147 2662 quibusdam
1162 2581 1242 2647 voci·

99 2682 103 2687 ’
179 2686 303 2763 bus,ut
326 2687 419 2750 verbo
443 2686 642 2771 substantivo,
664 2684 843 2748 liberiust
812 2685 906 2749 etiam
928 2684 1007 2748 fite
991 2686 1241 2770 etfrequentius,

178 2791 422 2854 inanissimae
439 2790 591 2855 nonnullis
620 2789 718 2852 ductae
749 2791 822 2853 sunt
854 2789 1045 2873 suspiciones
1078 2793 1118 2856 ad
1150 2794 1242 2858 rerba

178 2899 302 2980 propter
323 2895 501 2960 instabilem
518 2895 621 2959 sedem
643 2864 817 2959 damnanda
840 2899 871 2962 et
892 2896 1053 2981 elicienda,
1081 2898 1241 2982 potiusque

179 3004 234 3068 aut
255 3000 459 3067 additamenti
480 3003 534 3064 aut
565 3000 643 3064 alius
666 3000 770 3063 mendi
792 3002 923 3083 suspicio
946 3004 1011 3066 iure
1032 2986 1183 3082 nascitur,
1215 3003 1244 3070 si

51 3168 54 3172 ,
76 3182 79 3187 ⁴
166 3129 236 3176 ‘vox
256 3109 430 3174 constanter
452 3126 486 3170 eo
507 3108 574 3172 loco
598 3105 749 3186 scribitur,
773 3126 864 3188 quem
879 3108 1031 3172 sententia
1053 3109 1108 3171 aut
1128 3110 1241 3174 oratio-

180 3218 228 3282 nis
255 3215 364 3301 rpgula
396 3230 464 3276 eam
499 3212 603 3279 tenere
634 3230 694 3275 non
717 3212 842 3294 patitur.
904 3212 964 3276 Sed
993 3232 1165 3295 quanquam
1194 3215 1241 3279 ha

181 3319 311 3390 minores
346 3337 453 3384 vocum
484 3317 735 3398 transpositiones
771 3319 948 3399 plerumque
981 3318 1021 3382 ad
1054 3321 1241 3385 sententiam

180 3431 297 3497 nullius
314 3427 367 3502 aut
387 3423 494 3506 exigui,
517 3422 555 3492 ad
571 3423 715 3487 orationis
730 3422 980 3487 consuetudinem
995 3425 1240 3509 rhetoricamquo

181 3539 310 3604 formam
342 3519 513 3598 nonnullius
547 3526 618 3589 sunt
650 3527 818 3602 momenti,
851 3528 1005 3592 interdum
1038 3532 1143 3594 tamen
1174 3533 1269 3615 ipsas

180 3661 290 3709 sensus
328 3632 547 3717 transponendo
581 3632 733 3706 mittatur,
766 3632 898 3696 maxime
938 3653 1008 3698 eum
1040 3637 1238 3718 transpositio

183 3752 216 3815 in
239 3744 366 3813 confinio
387 3740 603 3809 sententiarum
635 3736 689 3799 aut
709 3737 916 3802 membrorum
939 3741 1099 3804 sententiae
1127 3744 1240 3808 accidit

95 3890 97 3895 r
182 3875 381 3892 -““““““Ἶ’“““““”“

212 3934 233 4005 ¹)
253 3934 365 3986 Prorsus
384 3926 499 3982 similem
517 3922 548 3986 ei,
568 3936 645 3990 quam
664 3917 733 3987 apud
754 3917 836 3972 Cicer.
861 3919 894 3972 de
912 3923 976 3975 orat
995 3923 1238 3985 Ill,‘'01factam

253 4026 385 4096 Kaysems
411 4016 574 4073 ammadver
563 4014 598 4068 rt
623 4015 649 4066 et
672 4014 729 4064 sust
719 4010 790 4064 tulit
829 4011 895 4065 Eam
915 4029 1007 4082 egos.
1027 4017 1096 4071 1818
1114 4018 1237 4073 animad-

201 4138 204 4145 ·
254 4121 383 4176 verteram
402 4114 455 4201 'et
446 4131 474 4166 m
493 4109 610 4180 margine
628 4101 738 4171 exempli
748 4100 800 4155 mei
817 4103 1028 4163 emendaveram.
