2580 4530
241 247 301 308 114
675 249 736 308 Lib.
756 253 778 307 1.
835 313 837 317 Α

197 447 232 514 et·
253 447 472 533 gloriosissimo
495 447 556 527 die,
579 446 610 511 et
630 447 689 513 hoo
710 448 858 530 tanquam
874 452 1055 532 praeclarum
1071 470 1259 521 commemo-

193 557 266 624 rari.
316 554 390 619 Eius
412 552 458 618 rei
478 571 588 618 nomen
611 553 699 618 latet
716 553 756 630 (si
777 553 873 620 latere
894 556 958 621 iam
980 557 1040 623 dici
1059 560 1172 643 potest)
1198 562 1255 626 sub

191 665 247 730 illo
278 663 456 736 vulnore;
484 678 544 724 non
572 660 807 741 potestantem
833 661 893 726 nisi
921 681 1017 728 unum
1040 683 1118 746 esse.
1172 666 1255 732 Nam

191 767 431 854 Epaminondas,
462 764 622 843 victoriam
646 767 677 830 et
704 766 811 847 patriae
838 767 969 850 gloriam
997 788 1059 835 suae
1081 771 1152 839 vitae
1174 793 1253 855 prae·

190 877 302 951 serens,
326 892 365 939 eo
386 871 481 942 vultu
500 871 709 954 expiravit,
746 892 834 955 quo,
869 873 904 937 si
925 891 1007 939 eum
1029 875 1069 941 di
1093 877 1252 945 immor·

191 983 292 1048 tales
314 979 495 1046 victoriis
517 977 595 1044 suis
622 973 771 1061 perfrui
799 979 906 1062 passi
933 985 1081 1056 essent,
1117 1003 1250 1066 sospes

126 1112 127 1117 ¹
190 1080 493 1174 patriae'moenia
523 1086 724 1150 intrasset.
780 1085 924 1151 Vulneris
945 1106 1115 1172 praegressa
1136 1093 1250 1158 mentio

190 1194 306 1260 librarii
326 1193 428 1258 animo
451 1190 599 1283 extribus
614 1189 990 1272 primislitterisnominis
1007 1195 1094 1273 (vul)
1117 1196 1248 1262 alterurn

188 1300 264 1364 illud
286 1298 407 1365 obiecit.
461 1296 588 1362 Ovidius
609 1296 641 1358 in
668 1315 695 1359 a.
719 1313 746 1360 a.
772 1297 829 1374 Ill,
858 1299 919 1359 440
947 1299 1095 1378 feminas,
1122 1303 1158 1365 ut
1184 1288 1261 1368 suis¹

151 1487 154 1500 ι
188 1405 323 1472 consiliis
331 1405 369 1481 „et
379 1403 504 1468 monitis
517 1397 652 1477 credant,
672 1402 807 1476 hortans
830 1403 999 1487 interponit
1014 1405 1046 1470 in
1068 1407 1246 1474 transcursu

187 1512 360 1595 exemplum
379 1507 620 1574 admonitionum
639 1509 671 1572 ct
693 1508 890 1574 consiliorum
907 1529 977 1575 cum
992 1530 1105 1596 magna
1119 1515 1246 1579 calami·

185 1621 249 1686 tate
271 1617 452 1702 spretorum,
474 1601 533 1692 his,
556 1615 582 1679 si
604 1613 788 1679 editionibus
811 1615 976 1695 credimus,
1000 1618 1117 1683 verbis:

284 1724 343 1788 Vix
364 1722 441 1786 mihi
462 1720 607 1796 credetis;
631 1719 685 1784 sed
698 1719 840 1793 ¹credite!
870 1723 961 1787 Troia
981 1726 1132 1802 maneret,

325 1828 488 1912 praeceptis
509 1826 627 1891 Priami
648 1827 674 1891 si
697 1826 778 1892 foret
798 1845 855 1892 usa
876 1829 950 1902 sui¹¹

183 1936 227 2003 Ut
235 1936 384 2002 'omittam
393 1935 497 2018 inepte
515 1952 604 1998 sunm
616 1933 774 1997 Priamum
789 1932 857 2006 dici,
873 1933 960 2001 ¹nihil
971 1935 1113 2000 Priamus
1130 1936 1242 2003 dixisse

179 2043 360 2109 narrabatur
381 2043 413 2105 et
440 2031 635 2122 praecepisse,
664 2039 712 2103 cui
740 2039 767 2103 si
788 2038 913 2104 Troiani
940 2041 1134 2115 obedissent,
1167 2045 1240 2108 urbs

180 2150 360 2222 mansisset3
387 2164 484 2229 neque
506 2144 626 2210 codices
648 2144 719 2209 boni
746 2143 841 2216 (velut
865 2146 1096 2227 antiquissimus
1121 2149 1239 2214 Parisi-

145 2236 153 2246 ’
179 2261 249 2332 nus)
275 2253 309 2318 id
335 2253 465 2324 habent,
498 2249 579 2333 quod
603 2250 727 2323 editur,
750 2249 805 2314 sed
826 2250 993 2324 Priamo,
1032 2253 1113 2335 quod
1135 2273 1240 2319 versus

178 2378 237 2424 non
258 2359 378 2441 recipit,
410 2359 442 2421 et
462 2357 553 2420 tuis.
610 2339 749 2437 Apparet
769 2355 892 2430 tamen,
927 2356 1071 2423 Ovidium
1102 2362 1240 2441 spretum

177 2464 267 2528 illum
288 2463 471 2527 monitorem
488 2462 627 2527 vocativo
645 2478 718 2524 casu
733 2460 915 2542 appellasse.
958 2465 1168 2547 Reperiendus
1192 2469 1239 2531 est

176 2570 272 2655 igitur
300 2587 354 2652 pro
381 2569 533 2633 Priame
569 2565 725 2631 vocativus
761 2585 884 2631 versum
918 2570 1042 2651 explens
1073 2571 1105 2636 et
1134 2575 1237 2655 aptam

175 2694 339 2758 personam
360 2675 527 2757 appellans.
570 2674 654 2755 Apta
676 2673 724 2736 est
745 2673 850 2736 antem
870 2693 932 2739 una
954 2674 1141 2751 Cassandra,
1173 2678 1237 2742 dei

176 2783 283 2847 iussn
297 2799 367 2845 non
387 2798 551 2862 unquam
567 2778 888 2846 creditaTeucris
902 2781 1139 2865 (Verg.AEn.H,
1152 2785 1235 2866 247).

176 2887 348 2971 scripserat
367 2886 463 2970 igitur
486 2885 628 2964 Ovidius:

348 2990 517 3075 praeceptis,
532 2987 723 3065 Priamei,
747 2991 774 3056 si
795 2991 876 3057 foret
895 3009 953 3056 usa
975 2991 1054 3068 tuis3

174 3098 306 3166 vocativi
333 3100 437 3163 autem
467 3097 541 3162 duas
570 3099 721 3162 extremas
748 3097 870 3162 vocales
896 3096 929 3162 in
956 3117 1051 3163 unam
1068 3099 1233 3183 syllabam

174 3189 331 3280 nunant,
350 3205 386 3268 ue
407 3201 444 3266 ne
464 3201 495 3265 n
510 3200 668 3283 Pompei
689 3203 955 3285 apuuuoraeum,
978 3203 1010 3268 in
1032 3203 1102 3280 ree,
1124 3205 1232 3285 ann).

173 3312 260 3377 Idam
281 3311 371 3394 poeta
391 3307 521 3390 epistola
535 3308 596 3372 VII
610 3308 690 3411 Dido
710 3309 829 3378 inducit
851 3306 890 3372 ad
902 3307 1033 3372 AEneam
1055 3328 1078 3379 a,
1094 3309 1233 3376 discessu

174 3415 389 3481 deterrendum
413 3411 651 3492 describentem,
679 3434 771 3497 quam
796 3432 940 3479 sensurus
960 3414 1019 3489 sit,
1051 3415 1131 3505 siin
1152 3415 1232 3480 mari

173 3540 246 3590 cum
265 3520 516 3604 tempestatibus
531 3517 650 3584 oonflict
636 3521 732 3595 tetm,
763 3519 992 3603 paenitentiam
1025 3519 1052 3585 is
1079 3519 1165 3585 locus
1187 3521 1232 3585 sic

171 3627 367 3713 concluditur
382 3637 422 3699 (v.
445 3626 482 3686 71
506 3629 581 3707 sq.:)

272 3707 355 3812 Quid
375 3732 456 3798 tanti
477 3733 524 3795 est
511 3730 643 3794 ttotum
667 3730 766 3793 merui
787 3684 945 3796 concedite
958 3730 1051 3796 dieas

272 3855 398 3922 quaeque
419 3836 592 3912 cadentia
560 3837 645 3900 unte
613 3834 798 3899 tlirlmina
819 3836 915 3902 missa
936 3839 1049 3919 putes?
1180 3869 1184 3877 ·

205 4068 226 4134 ¹)
245 4069 285 4122 De
303 4068 352 4123 hoo
369 4085 474 4141 quoque
491 4072 549 4126 loco
566 4069 622 4126 dixi
638 4071 667 4125 in
684 4070 772 4125 annet
791 4070 884 4141 philol.
895 4070 988 4126 Danic.
1007 4072 1031 4127 V
1049 4089 1075 4142 p.
1085 4070 1119 4129 22
1129 4077 1157 4129 et
1168 4080 1229 4133 159.
