<?xml version="1.0" encoding="UTF-8"?>
<!DOCTYPE html PUBLIC "-//W3C//DTD XHTML 1.0 Transitional//EN"
    "http://www.w3.org/TR/xhtml1/DTD/xhtml1-transitional.dtd">
<html xmlns="http://www.w3.org/1999/xhtml" xml:lang="en" lang="en">
 <head>
  <title>
</title>
<meta http-equiv="Content-Type" content="text/html;charset=utf-8" />
  <meta name='ocr-system' content='tesseract 3.04.00' />
  <meta name='ocr-capabilities' content='ocr_page ocr_carea ocr_par ocr_line ocrx_word'/>
</head>
<body>
  <div class='ocr_page' id='page_1' title='image "./adversariacriti00madvgoog_0086.png"; bbox 0 0 2580 4530; ppageno 0'>
   <div class='ocr_carea' id='block_1_1' title="bbox 553 302 1091 366">
    <p class='ocr_par' dir='ltr' id='par_1_1' title="bbox 553 302 1091 366">
     <span class='ocr_line' id='line_1_1' title="bbox 553 302 1091 366; baseline 0.015 -8"><span class='ocrx_word' id='word_1_1' title='bbox 553 302 613 360; x_wconf 85' lang='lat' dir='ltr'><strong>Lib.</strong></span> <span class='ocrx_word' id='word_1_2' title='bbox 632 304 654 360; x_wconf 92' lang='lat' dir='ltr'>l.</span> <span class='ocrx_word' id='word_1_3' title='bbox 1051 304 1091 366; x_wconf 71' lang='lat' dir='ltr'>ot</span> 
     </span>
    </p>
   </div>
   <div class='ocr_carea' id='block_1_2' title="bbox 10 493 1136 2386">
    <p class='ocr_par' dir='ltr' id='par_1_2' title="bbox 10 493 1136 2386">
     <span class='ocr_line' id='line_1_2' title="bbox 25 493 1133 588; baseline 0.005 -27"><span class='ocrx_word' id='word_1_4' title='bbox 25 498 77 581; x_wconf 76' lang='lat' dir='ltr'>pie</span> <span class='ocrx_word' id='word_1_5' title='bbox 97 493 189 583; x_wconf 67' lang='lat' dir='ltr'>ipen,</span> <span class='ocrx_word' id='word_1_6' title='bbox 214 499 293 565; x_wconf 88' lang='lat' dir='ltr'>hoe</span> <span class='ocrx_word' id='word_1_7' title='bbox 321 502 378 566; x_wconf 88' lang='lat' dir='ltr'>est</span> <span class='ocrx_word' id='word_1_8' title='bbox 395 506 465 588; x_wconf 79' lang='grc' dir='ltr'><strong><em>ἔχη,</em></strong></span> <span class='ocrx_word' id='word_1_9' title='bbox 487 522 555 584; x_wconf 92' lang='lat' dir='ltr'>quo</span> <span class='ocrx_word' id='word_1_10' title='bbox 576 504 711 586; x_wconf 76' lang='lat' dir='ltr'>(malae)</span> <span class='ocrx_word' id='word_1_11' title='bbox 733 501 898 566; x_wconf 84' lang='lat' dir='ltr'>fortunae</span> <span class='ocrx_word' id='word_1_12' title='bbox 922 501 1008 566; x_wconf 88' lang='lat' dir='ltr'>loco</span> <span class='ocrx_word' id='word_1_13' title='bbox 1029 502 1133 566; x_wconf 89' lang='lat' dir='ltr'>tene-</span> 
     </span>
     <span class='ocr_line' id='line_1_3' title="bbox 29 605 1134 694; baseline 0.005 -26"><span class='ocrx_word' id='word_1_14' title='bbox 29 605 104 670; x_wconf 81' lang='lat' dir='ltr'>aris</span> <span class='ocrx_word' id='word_1_15' title='bbox 136 605 483 690; x_wconf 85' lang='lat' dir='ltr'>constitutaque</span> <span class='ocrx_word' id='word_1_16' title='bbox 506 609 559 673; x_wconf 90' lang='lat' dir='ltr'>sis</span> <span class='ocrx_word' id='word_1_17' title='bbox 582 612 632 688; x_wconf 77' lang='grc' dir='ltr'>(ἐν</span> <span class='ocrx_word' id='word_1_18' title='bbox 647 609 692 694; x_wconf 75' lang='grc' dir='ltr'>τῷ</span> <span class='ocrx_word' id='word_1_19' title='bbox 710 608 896 693; x_wconf 69' lang='grc' dir='ltr'><strong><em>συμφορᾶς,</em></strong></span> <span class='ocrx_word' id='word_1_20' title='bbox 919 609 955 672; x_wconf 92' lang='lat' dir='ltr'>ut</span> <span class='ocrx_word' id='word_1_21' title='bbox 971 606 1134 690; x_wconf 85' lang='lat' dir='ltr'>Sophocles</span> 
     </span>
     <span class='ocr_line' id='line_1_4' title="bbox 36 708 1133 797; baseline 0 -21"><span class='ocrx_word' id='word_1_22' title='bbox 36 710 102 776; x_wconf 84' lang='lat' dir='ltr'>dixit</span> <span class='ocrx_word' id='word_1_23' title='bbox 118 710 244 797; x_wconf 76' lang='lat' dir='ltr'>Antig.</span> <span class='ocrx_word' id='word_1_24' title='bbox 260 711 421 796; x_wconf 75' lang='lat'><strong>1229)¹).</strong></span> <span class='ocrx_word' id='word_1_25' title='bbox 445 712 568 778; x_wconf 86' lang='lat' dir='ltr'>Anullo</span> <span class='ocrx_word' id='word_1_26' title='bbox 582 708 855 778; x_wconf 87' lang='lat' dir='ltr'>commemoratum</span> <span class='ocrx_word' id='word_1_27' title='bbox 866 712 1084 790; x_wconf 80' lang='lat' dir='ltr'>memini‚&#39;iota</span> <span class='ocrx_word' id='word_1_28' title='bbox 1099 712 1133 777; x_wconf 87' lang='lat' dir='ltr'>in</span> 
     </span>
     <span class='ocr_line' id='line_1_5' title="bbox 40 809 1132 903; baseline -0.002 -19"><span class='ocrx_word' id='word_1_29' title='bbox 40 818 135 884; x_wconf 76' lang='lat' dir='ltr'>dativo</span> <span class='ocrx_word' id='word_1_30' title='bbox 159 820 291 903; x_wconf 85' lang='lat' dir='ltr'>primae</span> <span class='ocrx_word' id='word_1_31' title='bbox 316 817 536 883; x_wconf 71' lang='lat' dir='ltr'>declinationis</span> <span class='ocrx_word' id='word_1_32' title='bbox 559 814 684 902; x_wconf 86' lang='lat' dir='ltr'>antiquo</span> <span class='ocrx_word' id='word_1_33' title='bbox 705 809 913 899; x_wconf 78' lang='lat' dir='ltr'>more&#39;vocali</span> <span class='ocrx_word' id='word_1_34' title='bbox 934 817 1132 901; x_wconf 83' lang='lat' dir='ltr'>adscriptum,</span> 
     </span>
     <span class='ocr_line' id='line_1_6' title="bbox 46 924 1133 1009; baseline -0.003 -18"><span class='ocrx_word' id='word_1_35' title='bbox 46 926 84 991; x_wconf 79' lang='lat' dir='ltr'>eui</span> <span class='ocrx_word' id='word_1_36' title='bbox 102 926 226 1009; x_wconf 88' lang='lat' dir='ltr'>postea</span> <span class='ocrx_word' id='word_1_37' title='bbox 250 924 527 1002; x_wconf 79' lang='lat' dir='ltr'>subscribebatur,</span> <span class='ocrx_word' id='word_1_38' title='bbox 539 943 675 1007; x_wconf 87' lang='lat' dir='ltr'>persaepe</span> <span class='ocrx_word' id='word_1_39' title='bbox 685 942 741 1007; x_wconf 87' lang='lat' dir='ltr'>pro</span> <span class='ocrx_word' id='word_1_40' title='bbox 754 949 773 989; x_wconf 88' lang='grc' dir='ltr'><strong><em>α</em></strong></span> <span class='ocrx_word' id='word_1_41' title='bbox 785 924 946 1006; x_wconf 82' lang='lat' dir='ltr'>acceptum</span> <span class='ocrx_word' id='word_1_42' title='bbox 957 925 1133 1008; x_wconf 75' lang='lat' dir='ltr'><strong>genetivum</strong></span> 
     </span>
     <span class='ocr_line' id='line_1_7' title="bbox 50 1029 1132 1113; baseline -0.005 -17"><span class='ocrx_word' id='word_1_43' title='bbox 50 1050 93 1113; x_wconf 84' lang='lat' dir='ltr'>pro</span> <span class='ocrx_word' id='word_1_44' title='bbox 139 1030 261 1096; x_wconf 87' lang='lat' dir='ltr'>dativo</span> <span class='ocrx_word' id='word_1_45' title='bbox 304 1029 468 1104; x_wconf 78' lang='lat' dir='ltr'>effecisse,</span> <span class='ocrx_word' id='word_1_46' title='bbox 506 1031 592 1095; x_wconf 85' lang='lat' dir='ltr'>velut</span> <span class='ocrx_word' id='word_1_47' title='bbox 632 1029 714 1113; x_wconf 88' lang='lat' dir='ltr'>apud</span> <span class='ocrx_word' id='word_1_48' title='bbox 753 1029 964 1112; x_wconf 82' lang='lat' dir='ltr'>Thucydidem</span> <span class='ocrx_word' id='word_1_49' title='bbox 1006 1029 1048 1107; x_wconf 88' lang='grc' dir='ltr'>Η,</span> <span class='ocrx_word' id='word_1_50' title='bbox 1093 1030 1132 1092; x_wconf 80' lang='grc'>51</span> 
     </span>
     <span class='ocr_line' id='line_1_8' title="bbox 52 1129 1134 1221; baseline 0 -21"><span class='ocrx_word' id='word_1_51' title='bbox 52 1137 94 1201; x_wconf 87' lang='lat' dir='ltr'>nbi</span> <span class='ocrx_word' id='word_1_52' title='bbox 114 1136 339 1202; x_wconf 83' lang='lat' dir='ltr'>scribendum</span> <span class='ocrx_word' id='word_1_53' title='bbox 364 1136 429 1200; x_wconf 84' lang='lat' dir='ltr'>est:</span> <span class='ocrx_word' id='word_1_54' title='bbox 459 1144 568 1218; x_wconf 67' lang='grc' dir='ltr'><strong><em>ἔτερος</em></strong></span> <span class='ocrx_word' id='word_1_55' title='bbox 590 1129 764 1221; x_wconf 74' lang='grc' dir='ltr'><strong><em>αἶρ’έτὲρον</em></strong></span> <span class='ocrx_word' id='word_1_56' title='bbox 786 1137 956 1220; x_wconf 76' lang='grc' dir='ltr'><strong><em>θεραπείᾳ</em></strong></span> <span class='ocrx_word' id='word_1_57' title='bbox 979 1129 1134 1221; x_wconf 83' lang='grc' dir='ltr'><strong><em>α’ναπιμ-</em></strong></span> 
     </span>
     <span class='ocr_line' id='line_1_9' title="bbox 55 1237 1133 1325; baseline 0.002 -20"><span class='ocrx_word' id='word_1_58' title='bbox 55 1237 228 1325; x_wconf 75' lang='grc' dir='ltr'><strong><em>αλιίμενοι</em></strong></span> <span class='ocrx_word' id='word_1_59' title='bbox 256 1242 386 1311; x_wconf 89' lang='lat' dir='ltr'>(alter</span> <span class='ocrx_word' id='word_1_60' title='bbox 408 1241 455 1306; x_wconf 87' lang='lat' dir='ltr'>ab</span> <span class='ocrx_word' id='word_1_61' title='bbox 476 1242 619 1320; x_wconf 76' lang='lat' dir='ltr'>altero,</span> <span class='ocrx_word' id='word_1_62' title='bbox 645 1242 735 1306; x_wconf 91' lang='lat' dir='ltr'>dum</span> <span class='ocrx_word' id='word_1_63' title='bbox 757 1242 898 1306; x_wconf 86' lang='lat' dir='ltr'>curant</span> <span class='ocrx_word' id='word_1_64' title='bbox 926 1242 966 1308; x_wconf 92' lang='lat' dir='ltr'>et</span> <span class='ocrx_word' id='word_1_65' title='bbox 989 1243 1133 1319; x_wconf 80' lang='lat' dir='ltr'>fovent,</span> 
     </span>
     <span class='ocr_line' id='line_1_10' title="bbox 56 1336 1134 1432; baseline 0 -20"><span class='ocrx_word' id='word_1_66' title='bbox 56 1349 338 1432; x_wconf 87' lang='lat' dir='ltr'>implebantur</span> <span class='ocrx_word' id='word_1_67' title='bbox 367 1350 407 1412; x_wconf 93' lang='lat' dir='ltr'>et</span> <span class='ocrx_word' id='word_1_68' title='bbox 436 1336 782 1431; x_wconf 64' lang='lat' dir='ltr'>contingebantun</span> <span class='ocrx_word' id='word_1_69' title='bbox 814 1348 906 1432; x_wconf 84' lang='lat' dir='ltr'>vulgo</span> <span class='ocrx_word' id='word_1_70' title='bbox 930 1348 1134 1432; x_wconf 74' lang='grc' dir='ltr'><strong><em>θεραπείας,</em></strong></span> 
     </span>
     <span class='ocr_line' id='line_1_11' title="bbox 56 1442 1133 1539; baseline 0.002 -21"><span class='ocrx_word' id='word_1_71' title='bbox 56 1454 126 1537; x_wconf 83' lang='lat' dir='ltr'>qnod</span> <span class='ocrx_word' id='word_1_72' title='bbox 141 1442 302 1519; x_wconf 81' lang='lat' dir='ltr'>Dobreus</span> <span class='ocrx_word' id='word_1_73' title='bbox 326 1452 396 1517; x_wconf 91' lang='lat' dir='ltr'>tolli</span> <span class='ocrx_word' id='word_1_74' title='bbox 419 1453 548 1531; x_wconf 77' lang='lat' dir='ltr'>volebat,</span> <span class='ocrx_word' id='word_1_75' title='bbox 564 1453 743 1539; x_wconf 82' lang='lat' dir='ltr'>Kruegerus</span> <span class='ocrx_word' id='word_1_76' title='bbox 765 1455 804 1519; x_wconf 89' lang='lat' dir='ltr'>ab</span> <span class='ocrx_word' id='word_1_77' title='bbox 826 1447 895 1520; x_wconf 78' lang='grc' dir='ltr'>άπό</span> <span class='ocrx_word' id='word_1_78' title='bbox 916 1453 1060 1537; x_wconf 82' lang='lat' dir='ltr'>pondero,</span> <span class='ocrx_word' id='word_1_79' title='bbox 1084 1454 1133 1520; x_wconf 93' lang='lat' dir='ltr'>di·</span> 
     </span>
     <span class='ocr_line' id='line_1_12' title="bbox 57 1551 1132 1645; baseline -0.001 -23"><span class='ocrx_word' id='word_1_80' title='bbox 57 1559 168 1624; x_wconf 72' lang='lat' dir='ltr'>vellens</span> <span class='ocrx_word' id='word_1_81' title='bbox 195 1568 321 1644; x_wconf 75' lang='grc' dir='ltr'><strong><em>ἕτερος</em></strong></span> <span class='ocrx_word' id='word_1_82' title='bbox 343 1551 540 1643; x_wconf 76' lang='grc' dir='ltr'><strong><em>ἄρ’ἑτίροα),</em></strong></span> <span class='ocrx_word' id='word_1_83' title='bbox 564 1561 596 1624; x_wconf 89' lang='lat' dir='ltr'>et</span> <span class='ocrx_word' id='word_1_84' title='bbox 616 1561 698 1643; x_wconf 84' lang='lat' dir='ltr'>apud</span> <span class='ocrx_word' id='word_1_85' title='bbox 708 1560 871 1626; x_wconf 84' lang='lat' dir='ltr'>Platonem</span> <span class='ocrx_word' id='word_1_86' title='bbox 886 1561 1013 1644; x_wconf 86' lang='lat' dir='ltr'>sophist.</span> <span class='ocrx_word' id='word_1_87' title='bbox 1026 1580 1055 1645; x_wconf 89' lang='lat' dir='ltr'>p.</span> <span class='ocrx_word' id='word_1_88' title='bbox 1069 1559 1132 1622; x_wconf 72' lang='lat'>224</span> 
     </span>
     <span class='ocr_line' id='line_1_13' title="bbox 57 1659 1129 1755; baseline 0.001 -26"><span class='ocrx_word' id='word_1_89' title='bbox 57 1667 180 1739; x_wconf 72' lang='lat' dir='ltr'>Aiaci</span> <span class='ocrx_word' id='word_1_90' title='bbox 217 1660 338 1730; x_wconf 82' lang='grc' dir='ltr'><strong><em>πολλά</em></strong></span> <span class='ocrx_word' id='word_1_91' title='bbox 368 1674 466 1749; x_wconf 78' lang='grc' dir='ltr'><strong><em>ἕτερα</em></strong></span> <span class='ocrx_word' id='word_1_92' title='bbox 496 1667 539 1753; x_wconf 79' lang='grc' dir='ltr'>τῇ</span> <span class='ocrx_word' id='word_1_93' title='bbox 561 1667 652 1754; x_wconf 77' lang='grc' dir='ltr'>ψυχῇ</span> <span class='ocrx_word' id='word_1_94' title='bbox 673 1660 714 1732; x_wconf 83' lang='grc' dir='ltr'>τά</span> <span class='ocrx_word' id='word_1_95' title='bbox 736 1670 802 1752; x_wconf 78' lang='grc' dir='ltr'>μὲν</span> <span class='ocrx_word' id='word_1_96' title='bbox 823 1666 1064 1755; x_wconf 71' lang='grc' dir='ltr'><strong><em>παραμυθίας,</em></strong></span> <span class='ocrx_word' id='word_1_97' title='bbox 1086 1659 1129 1730; x_wconf 82' lang='grc' dir='ltr'>τά</span> 
     </span>
     <span class='ocr_line' id='line_1_14' title="bbox 59 1764 1135 1867; baseline -0.001 -30"><span class='ocrx_word' id='word_1_98' title='bbox 59 1774 84 1837; x_wconf 76' lang='lat' dir='ltr'>t</span> <span class='ocrx_word' id='word_1_99' title='bbox 113 1776 171 1839; x_wconf 77' lang='grc' dir='ltr'>καί</span> <span class='ocrx_word' id='word_1_100' title='bbox 214 1771 376 1867; x_wconf 65' lang='grc' dir='ltr'><strong><em>σπονιλῆς</em></strong></span> <span class='ocrx_word' id='word_1_101' title='bbox 398 1764 497 1857; x_wconf 86' lang='grc' dir='ltr'><strong><em>χάριν</em></strong></span> <span class='ocrx_word' id='word_1_102' title='bbox 518 1766 668 1858; x_wconf 80' lang='grc' dir='ltr'><strong><em>α’χθέντα</em></strong></span> <span class='ocrx_word' id='word_1_103' title='bbox 692 1775 746 1839; x_wconf 82' lang='grc' dir='ltr'>καί</span> <span class='ocrx_word' id='word_1_104' title='bbox 769 1769 974 1858; x_wconf 76' lang='grc' dir='ltr'><strong><em>πωλούμενα</em></strong></span> <span class='ocrx_word' id='word_1_105' title='bbox 996 1790 1051 1854; x_wconf 87' lang='lat' dir='ltr'>pro</span> <span class='ocrx_word' id='word_1_106' title='bbox 1072 1773 1135 1856; x_wconf 72' lang='grc' dir='ltr'>τῆς</span> 
     </span>
     <span class='ocr_line' id='line_1_15' title="bbox 60 1876 1133 1966; baseline -0.002 -20"><span class='ocrx_word' id='word_1_107' title='bbox 60 1879 233 1966; x_wconf 54' lang='lat' dir='ltr'>cupium.</span> <span class='ocrx_word' id='word_1_108' title='bbox 284 1876 366 1957; x_wconf 81' lang='lat' dir='ltr'>Quid</span> <span class='ocrx_word' id='word_1_109' title='bbox 394 1877 489 1943; x_wconf 85' lang='lat' dir='ltr'>orasis</span> <span class='ocrx_word' id='word_1_110' title='bbox 514 1879 629 1945; x_wconf 85' lang='lat' dir='ltr'>rariore</span> <span class='ocrx_word' id='word_1_111' title='bbox 656 1880 809 1946; x_wconf 86' lang='lat' dir='ltr'>scribendi</span> <span class='ocrx_word' id='word_1_112' title='bbox 842 1880 940 1945; x_wconf 87' lang='lat' dir='ltr'>forma</span> <span class='ocrx_word' id='word_1_113' title='bbox 961 1878 1133 1963; x_wconf 80' lang='lat' dir='ltr'>significata</span> 
     </span>
     <span class='ocr_line' id='line_1_16' title="bbox 10 1966 1133 2069; baseline 0.004 -24"><span class='ocrx_word' id='word_1_114' title='bbox 10 2038 13 2045; x_wconf 93' lang='lat'><em>.</em></span> <span class='ocrx_word' id='word_1_115' title='bbox 60 1987 198 2052; x_wconf 82' lang='lat' dir='ltr'>nocuerit</span> <span class='ocrx_word' id='word_1_116' title='bbox 222 1985 354 2049; x_wconf 87' lang='lat' dir='ltr'>Platoni</span> <span class='ocrx_word' id='word_1_117' title='bbox 375 1985 408 2048; x_wconf 91' lang='lat' dir='ltr'>in</span> <span class='ocrx_word' id='word_1_118' title='bbox 430 1984 560 2052; x_wconf 83' lang='lat' dir='ltr'>Phaedro</span> <span class='ocrx_word' id='word_1_119' title='bbox 580 2005 611 2069; x_wconf 88' lang='lat' dir='ltr'>p.</span> <span class='ocrx_word' id='word_1_120' title='bbox 624 1985 686 2049; x_wconf 80' lang='lat'>253</span> <span class='ocrx_word' id='word_1_121' title='bbox 707 1987 746 2065; x_wconf 82' lang='lat' dir='ltr'>A,</span> <span class='ocrx_word' id='word_1_122' title='bbox 766 2006 791 2051; x_wconf 90' lang='lat' dir='ltr'>r.</span> <span class='ocrx_word' id='word_1_123' title='bbox 812 2005 843 2069; x_wconf 89' lang='lat' dir='ltr'>p.</span> <span class='ocrx_word' id='word_1_124' title='bbox 859 1986 890 2050; x_wconf 87' lang='lat' dir='ltr'>X</span> <span class='ocrx_word' id='word_1_125' title='bbox 908 2006 937 2069; x_wconf 89' lang='lat' dir='ltr'>p.</span> <span class='ocrx_word' id='word_1_126' title='bbox 950 1984 1010 2047; x_wconf 83' lang='lat'>606</span> <span class='ocrx_word' id='word_1_127' title='bbox 1032 1984 1066 2062; x_wconf 75' lang='grc' dir='ltr'>Ο,</span> <span class='ocrx_word' id='word_1_128' title='bbox 1079 1966 1133 2050; x_wconf 87' lang='lat' dir='ltr'>sno</span> 
     </span>
     <span class='ocr_line' id='line_1_17' title="bbox 58 2093 286 2159; baseline -0.009 -3"><span class='ocrx_word' id='word_1_129' title='bbox 58 2093 118 2159; x_wconf 83' lang='lat' dir='ltr'>loco</span> <span class='ocrx_word' id='word_1_130' title='bbox 141 2093 286 2158; x_wconf 86' lang='lat' dir='ltr'>dicetur.</span> 
     </span>
     <span class='ocr_line' id='line_1_18' title="bbox 144 2195 1136 2283; baseline -0.004 -19"><span class='ocrx_word' id='word_1_131' title='bbox 144 2197 250 2283; x_wconf 88' lang='lat' dir='ltr'>Apud</span> <span class='ocrx_word' id='word_1_132' title='bbox 261 2195 392 2261; x_wconf 87' lang='lat' dir='ltr'>Latinos</span> <span class='ocrx_word' id='word_1_133' title='bbox 411 2199 526 2278; x_wconf 89' lang='lat' dir='ltr'>quoties</span> <span class='ocrx_word' id='word_1_134' title='bbox 547 2212 582 2262; x_wconf 82' lang='lat' dir='ltr'>en</span> <span class='ocrx_word' id='word_1_135' title='bbox 607 2197 639 2262; x_wconf 86' lang='lat' dir='ltr'>st</span> <span class='ocrx_word' id='word_1_136' title='bbox 656 2202 686 2275; x_wconf 86' lang='lat' dir='ltr'>(o</span> <span class='ocrx_word' id='word_1_137' title='bbox 697 2196 745 2280; x_wconf 87' lang='lat' dir='ltr'>st)</span> <span class='ocrx_word' id='word_1_138' title='bbox 762 2196 879 2262; x_wconf 85' lang='lat' dir='ltr'>factum</span> <span class='ocrx_word' id='word_1_139' title='bbox 891 2196 934 2261; x_wconf 90' lang='lat' dir='ltr'>sit</span> <span class='ocrx_word' id='word_1_140' title='bbox 944 2197 997 2279; x_wconf 82' lang='lat' dir='ltr'>apt</span> <span class='ocrx_word' id='word_1_141' title='bbox 1014 2197 1067 2261; x_wconf 89' lang='lat' dir='ltr'>sit</span> <span class='ocrx_word' id='word_1_142' title='bbox 1082 2197 1136 2261; x_wconf 88' lang='lat' dir='ltr'>ant</span> 
     </span>
     <span class='ocr_line' id='line_1_19' title="bbox 61 2302 1134 2386; baseline 0.002 -20"><span class='ocrx_word' id='word_1_143' title='bbox 61 2308 160 2381; x_wconf 76' lang='lat' dir='ltr'>sunt,</span> <span class='ocrx_word' id='word_1_144' title='bbox 202 2302 271 2367; x_wconf 82' lang='lat' dir='ltr'>diri</span> <span class='ocrx_word' id='word_1_145' title='bbox 301 2320 407 2384; x_wconf 88' lang='lat' dir='ltr'>opusc.</span> <span class='ocrx_word' id='word_1_146' title='bbox 438 2303 522 2367; x_wconf 89' lang='lat' dir='ltr'>acad.</span> <span class='ocrx_word' id='word_1_147' title='bbox 548 2303 614 2386; x_wconf 86' lang='lat' dir='ltr'>Ip.</span> <span class='ocrx_word' id='word_1_148' title='bbox 644 2303 720 2382; x_wconf 87' lang='grc'><strong><em>184,</em></strong></span> <span class='ocrx_word' id='word_1_149' title='bbox 742 2302 774 2366; x_wconf 91' lang='lat' dir='ltr'>ll</span> <span class='ocrx_word' id='word_1_150' title='bbox 799 2323 829 2385; x_wconf 90' lang='lat' dir='ltr'>p.</span> <span class='ocrx_word' id='word_1_151' title='bbox 858 2303 927 2380; x_wconf 76' lang='lat'>222,</span> <span class='ocrx_word' id='word_1_152' title='bbox 951 2303 989 2368; x_wconf 88' lang='lat' dir='ltr'>ad</span> <span class='ocrx_word' id='word_1_153' title='bbox 1011 2302 1072 2368; x_wconf 82' lang='lat' dir='ltr'>Oia.</span> <span class='ocrx_word' id='word_1_154' title='bbox 1096 2302 1134 2368; x_wconf 89' lang='lat' dir='ltr'>de</span> 
     </span>
    </p>
   </div>
   <div class='ocr_carea' id='block_1_3' title="bbox 62 2486 268 2494">
    <p class='ocr_par' dir='ltr' id='par_1_3' title="bbox 62 2486 268 2494">
     <span class='ocr_line' id='line_1_20' title="bbox 62 2486 268 2494; baseline -0.01 0"><span class='ocrx_word' id='word_1_155' title='bbox 62 2486 268 2494; x_wconf 79' lang='lat'>—-—-</span> 
     </span>
    </p>
   </div>
   <div class='ocr_carea' id='block_1_4' title="bbox 77 2611 1136 2761">
    <p class='ocr_par' dir='ltr' id='par_1_4' title="bbox 77 2611 1136 2761">
     <span class='ocr_line' id='line_1_21' title="bbox 77 2611 1136 2683; baseline 0.004 -17"><span class='ocrx_word' id='word_1_156' title='bbox 77 2612 97 2675; x_wconf 80' lang='grc'>1)</span> <span class='ocrx_word' id='word_1_157' title='bbox 130 2612 217 2666; x_wconf 92' lang='lat' dir='ltr'>Idem</span> <span class='ocrx_word' id='word_1_158' title='bbox 246 2612 377 2666; x_wconf 90' lang='lat' dir='ltr'>mendum</span> <span class='ocrx_word' id='word_1_159' title='bbox 398 2613 427 2665; x_wconf 93' lang='lat' dir='ltr'>in</span> <span class='ocrx_word' id='word_1_160' title='bbox 453 2613 591 2683; x_wconf 80' lang='lat' dir='ltr'>Sophoclis</span> <span class='ocrx_word' id='word_1_161' title='bbox 609 2613 670 2668; x_wconf 87' lang='lat' dir='ltr'>OEd.</span> <span class='ocrx_word' id='word_1_162' title='bbox 688 2611 746 2668; x_wconf 82' lang='lat' dir='ltr'>Col.</span> <span class='ocrx_word' id='word_1_163' title='bbox 764 2615 817 2669; x_wconf 81' lang='lat'>989</span> <span class='ocrx_word' id='word_1_164' title='bbox 834 2629 866 2667; x_wconf 88' lang='lat' dir='ltr'>ex</span> <span class='ocrx_word' id='word_1_165' title='bbox 884 2615 938 2667; x_wconf 83' lang='lat' dir='ltr'>alia</span> <span class='ocrx_word' id='word_1_166' title='bbox 955 2614 1038 2668; x_wconf 86' lang='lat' dir='ltr'>etiam</span> <span class='ocrx_word' id='word_1_167' title='bbox 1057 2630 1136 2670; x_wconf 77' lang='lat' dir='ltr'>eausa</span> 
     </span>
     <span class='ocr_line' id='line_1_22' title="bbox 121 2705 893 2761; baseline -0.004 -3"><span class='ocrx_word' id='word_1_168' title='bbox 121 2721 173 2758; x_wconf 80' lang='lat' dir='ltr'>suo</span> <span class='ocrx_word' id='word_1_169' title='bbox 194 2705 260 2758; x_wconf 84' lang='lat' dir='ltr'>loco</span> <span class='ocrx_word' id='word_1_170' title='bbox 279 2707 385 2761; x_wconf 83' lang='lat' dir='ltr'>tollam.</span> <span class='ocrx_word' id='word_1_171' title='bbox 887 2716 893 2727; x_wconf 84' lang='grc'>’</span> 
     </span>
    </p>
   </div>
   <div class='ocr_carea' id='block_1_5' title="bbox 75 2817 1153 4188">
    <p class='ocr_par' dir='ltr' id='par_1_5' title="bbox 75 2817 1153 4188">
     <span class='ocr_line' id='line_1_23' title="bbox 75 2817 1132 2890; baseline 0.005 -17"><span class='ocrx_word' id='word_1_172' title='bbox 75 2817 95 2881; x_wconf 75' lang='grc' dir='ltr'>’,ι</span> <span class='ocrx_word' id='word_1_173' title='bbox 126 2820 242 2874; x_wconf 75' lang='lat' dir='ltr'>Eadem</span> <span class='ocrx_word' id='word_1_174' title='bbox 262 2821 395 2874; x_wconf 87' lang='lat' dir='ltr'>eorrectio</span> <span class='ocrx_word' id='word_1_175' title='bbox 415 2822 458 2886; x_wconf 80' lang='lat' dir='ltr'>(ut</span> <span class='ocrx_word' id='word_1_176' title='bbox 475 2821 550 2889; x_wconf 89' lang='lat' dir='ltr'>copia</span> <span class='ocrx_word' id='word_1_177' title='bbox 567 2819 682 2889; x_wconf 88' lang='lat' dir='ltr'>quadam</span> <span class='ocrx_word' id='word_1_178' title='bbox 700 2819 880 2888; x_wconf 87' lang='lat' dir='ltr'>exemplorum</span> <span class='ocrx_word' id='word_1_179' title='bbox 898 2838 939 2876; x_wconf 86' lang='lat' dir='ltr'>res</span> <span class='ocrx_word' id='word_1_180' title='bbox 952 2822 1132 2890; x_wconf 81' lang='lat' dir='ltr'>confirmetur)</span> 
     </span>
     <span class='ocr_line' id='line_1_24' title="bbox 124 2911 1153 2988; baseline 0.002 -21"><span class='ocrx_word' id='word_1_181' title='bbox 124 2912 297 2967; x_wconf 77' lang='lat' dir='ltr'>adhibenda</span> <span class='ocrx_word' id='word_1_182' title='bbox 306 2913 454 2966; x_wconf 85' lang='lat' dir='ltr'>Plutarcho</span> <span class='ocrx_word' id='word_1_183' title='bbox 472 2914 500 2966; x_wconf 89' lang='lat' dir='ltr'>in</span> <span class='ocrx_word' id='word_1_184' title='bbox 518 2913 612 2972; x_wconf 88' lang='lat' dir='ltr'>AEmil.</span> <span class='ocrx_word' id='word_1_185' title='bbox 623 2911 700 2967; x_wconf 83' lang='lat' dir='ltr'>Paul.</span> <span class='ocrx_word' id='word_1_186' title='bbox 719 2916 753 2968; x_wconf 85' lang='lat'>33</span> <span class='ocrx_word' id='word_1_187' title='bbox 772 2914 816 2983; x_wconf 81' lang='grc' dir='ltr'>(τῇ</span> <span class='ocrx_word' id='word_1_188' title='bbox 834 2912 1004 2988; x_wconf 74' lang='grc' dir='ltr'><strong><em>ἀναισθησίᾳ</em></strong></span> <span class='ocrx_word' id='word_1_189' title='bbox 1021 2933 1069 2984; x_wconf 92' lang='lat' dir='ltr'>pro</span> <span class='ocrx_word' id='word_1_190' title='bbox 1088 2920 1153 2984; x_wconf 77' lang='grc' dir='ltr'>τῆς.</span> 
     </span>
     <span class='ocr_line' id='line_1_25' title="bbox 122 3005 1137 3074; baseline 0.002 -14"><span class='ocrx_word' id='word_1_191' title='bbox 122 3005 346 3074; x_wconf 75' lang='grc' dir='ltr'><strong><em>ἅναισθησίας;</em></strong></span> <span class='ocrx_word' id='word_1_192' title='bbox 386 3023 439 3059; x_wconf 92' lang='lat' dir='ltr'>non</span> <span class='ocrx_word' id='word_1_193' title='bbox 466 3006 615 3058; x_wconf 82' lang='lat' dir='ltr'>mutatione</span> <span class='ocrx_word' id='word_1_194' title='bbox 644 3020 696 3056; x_wconf 90' lang='lat' dir='ltr'>non</span> <span class='ocrx_word' id='word_1_195' title='bbox 725 3006 858 3060; x_wconf 85' lang='lat' dir='ltr'>sentiendi</span> <span class='ocrx_word' id='word_1_196' title='bbox 876 3008 1041 3063; x_wconf 84' lang='lat' dir='ltr'>miserabiles</span> <span class='ocrx_word' id='word_1_197' title='bbox 1060 3009 1137 3062; x_wconf 85' lang='lat' dir='ltr'>erant</span> 
     </span>
     <span class='ocr_line' id='line_1_26' title="bbox 122 3097 1135 3167; baseline 0 -14"><span class='ocrx_word' id='word_1_198' title='bbox 122 3099 231 3153; x_wconf 86' lang='lat' dir='ltr'>Persei</span> <span class='ocrx_word' id='word_1_199' title='bbox 259 3098 360 3162; x_wconf 89' lang='lat' dir='ltr'>liberi,</span> <span class='ocrx_word' id='word_1_200' title='bbox 381 3099 427 3152; x_wconf 89' lang='lat' dir='ltr'>sed</span> <span class='ocrx_word' id='word_1_201' title='bbox 446 3099 479 3153; x_wconf 88' lang='lat' dir='ltr'>ad</span> <span class='ocrx_word' id='word_1_202' title='bbox 498 3098 612 3152; x_wconf 84' lang='lat' dir='ltr'>fortunae</span> <span class='ocrx_word' id='word_1_203' title='bbox 636 3097 812 3151; x_wconf 78' lang='lat' dir='ltr'>mutationem</span> <span class='ocrx_word' id='word_1_204' title='bbox 836 3100 1002 3154; x_wconf 87' lang='lat' dir='ltr'>miserabiles</span> <span class='ocrx_word' id='word_1_205' title='bbox 1020 3116 1049 3154; x_wconf 93' lang='lat' dir='ltr'>eo</span> <span class='ocrx_word' id='word_1_206' title='bbox 1068 3101 1135 3167; x_wconf 85' lang='lat' dir='ltr'>ipso,</span> 
     </span>
     <span class='ocr_line' id='line_1_27' title="bbox 123 3190 1137 3261; baseline -0.002 -15"><span class='ocrx_word' id='word_1_207' title='bbox 123 3192 205 3261; x_wconf 87' lang='lat' dir='ltr'>quod</span> <span class='ocrx_word' id='word_1_208' title='bbox 230 3207 293 3244; x_wconf 84' lang='lat' dir='ltr'>eam</span> <span class='ocrx_word' id='word_1_209' title='bbox 313 3195 423 3260; x_wconf 85' lang='lat' dir='ltr'>propter</span> <span class='ocrx_word' id='word_1_210' title='bbox 441 3194 548 3245; x_wconf 78' lang='lat' dir='ltr'>atatem</span> <span class='ocrx_word' id='word_1_211' title='bbox 566 3190 696 3258; x_wconf 86' lang='lat' dir='ltr'>puerilem</span> <span class='ocrx_word' id='word_1_212' title='bbox 713 3190 831 3245; x_wconf 88' lang='lat' dir='ltr'>nondum</span> <span class='ocrx_word' id='word_1_213' title='bbox 842 3192 1005 3254; x_wconf 74' lang='lat' dir='ltr'>sentiebant)</span> <span class='ocrx_word' id='word_1_214' title='bbox 1016 3191 1137 3255; x_wconf 73' lang='lat' dir='ltr'>etAler·</span> 
     </span>
     <span class='ocr_line' id='line_1_28' title="bbox 122 3280 1138 3352; baseline -0.002 -15"><span class='ocrx_word' id='word_1_215' title='bbox 122 3283 191 3339; x_wconf 83' lang='lat' dir='ltr'>and.</span> <span class='ocrx_word' id='word_1_216' title='bbox 205 3299 232 3336; x_wconf 82' lang='lat' dir='ltr'>e.</span> <span class='ocrx_word' id='word_1_217' title='bbox 249 3280 359 3349; x_wconf 75' lang='grc' dir='ltr'><strong><em>58ίτίην</em></strong></span> <span class='ocrx_word' id='word_1_218' title='bbox 378 3283 506 3350; x_wconf 74' lang='grc' dir='ltr'><strong><em>πλείστην</em></strong></span> <span class='ocrx_word' id='word_1_219' title='bbox 525 3281 641 3350; x_wconf 82' lang='grc' dir='ltr'><strong><em>φθοράν</em></strong></span> <span class='ocrx_word' id='word_1_220' title='bbox 651 3281 767 3348; x_wconf 76' lang='grc' dir='ltr'><strong><em>ἀπορίαι</em></strong></span> <span class='ocrx_word' id='word_1_221' title='bbox 780 3287 833 3338; x_wconf 82' lang='grc' dir='ltr'>τῶν</span> <span class='ocrx_word' id='word_1_222' title='bbox 846 3283 1003 3352; x_wconf 79' lang='grc' dir='ltr'><strong><em>ἀναγκαίων</em></strong></span> <span class='ocrx_word' id='word_1_223' title='bbox 1016 3283 1060 3336; x_wconf 78' lang='grc' dir='ltr'>καί</span> <span class='ocrx_word' id='word_1_224' title='bbox 1075 3285 1138 3336; x_wconf 82' lang='lat' dir='ltr'>duo·</span> 
     </span>
     <span class='ocr_line' id='line_1_29' title="bbox 121 3371 1138 3448; baseline -0.003 -18"><span class='ocrx_word' id='word_1_225' title='bbox 121 3380 252 3444; x_wconf 81' lang='grc' dir='ltr'><strong><em>κρασίαι</em></strong></span> <span class='ocrx_word' id='word_1_226' title='bbox 287 3375 338 3427; x_wconf 83' lang='grc' dir='ltr'>τοῦ</span> <span class='ocrx_word' id='word_1_227' title='bbox 368 3371 543 3439; x_wconf 75' lang='grc' dir='ltr'><strong><em>περιέχοντος</em></strong></span> <span class='ocrx_word' id='word_1_228' title='bbox 573 3372 775 3442; x_wconf 74' lang='grc' dir='ltr'><strong><em>ἀπειργάσαντο</em></strong></span> <span class='ocrx_word' id='word_1_229' title='bbox 803 3380 836 3447; x_wconf 82' lang='grc' dir='ltr'>τῇ</span> <span class='ocrx_word' id='word_1_230' title='bbox 868 3379 981 3448; x_wconf 79' lang='grc' dir='ltr'><strong><em>στρατιᾷ</em></strong></span> <span class='ocrx_word' id='word_1_231' title='bbox 1012 3391 1059 3444; x_wconf 88' lang='lat' dir='ltr'>pro</span> <span class='ocrx_word' id='word_1_232' title='bbox 1088 3379 1138 3445; x_wconf 76' lang='grc' dir='ltr'>τῆς</span> 
     </span>
     <span class='ocr_line' id='line_1_30' title="bbox 125 3451 1138 3541; baseline -0.001 -18"><span class='ocrx_word' id='word_1_233' title='bbox 125 3469 298 3535; x_wconf 82' lang='grc' dir='ltr'><strong><em>στρατιᾶς),</em></strong></span> <span class='ocrx_word' id='word_1_234' title='bbox 328 3463 362 3516; x_wconf 86' lang='lat' dir='ltr'>de</span> <span class='ocrx_word' id='word_1_235' title='bbox 381 3464 445 3517; x_wconf 87' lang='lat' dir='ltr'>fort.</span> <span class='ocrx_word' id='word_1_236' title='bbox 466 3464 540 3518; x_wconf 89' lang='lat' dir='ltr'>Rom.</span> <span class='ocrx_word' id='word_1_237' title='bbox 561 3466 575 3518; x_wconf 79' lang='lat'>7</span> <span class='ocrx_word' id='word_1_238' title='bbox 596 3463 651 3530; x_wconf 71' lang='lat' dir='ltr'>(iul</span> <span class='ocrx_word' id='word_1_239' title='bbox 669 3451 785 3541; x_wconf 80' lang='grc' dir='ltr'><strong><em>μαντείᾳ</em></strong></span> <span class='ocrx_word' id='word_1_240' title='bbox 796 3468 1004 3537; x_wconf 84' lang='grc' dir='ltr'><strong><em>σεμνυνόμενον,</em></strong></span> <span class='ocrx_word' id='word_1_241' title='bbox 1022 3483 1075 3519; x_wconf 90' lang='lat' dir='ltr'>non</span> <span class='ocrx_word' id='word_1_242' title='bbox 1094 3466 1138 3522; x_wconf 72' lang='grc' dir='ltr'>ἐπὶ</span> 
     </span>
     <span class='ocr_line' id='line_1_31' title="bbox 123 3557 1139 3631; baseline -0.002 -14"><span class='ocrx_word' id='word_1_243' title='bbox 123 3562 292 3631; x_wconf 78' lang='grc' dir='ltr'><strong><em>μαντείας,</em></strong></span> <span class='ocrx_word' id='word_1_244' title='bbox 312 3557 385 3625; x_wconf 91' lang='lat' dir='ltr'>quod</span> <span class='ocrx_word' id='word_1_245' title='bbox 404 3558 485 3610; x_wconf 87' lang='lat' dir='ltr'>etiam</span> <span class='ocrx_word' id='word_1_246' title='bbox 504 3558 686 3628; x_wconf 82' lang='lat' dir='ltr'>geminatione</span> <span class='ocrx_word' id='word_1_247' title='bbox 704 3558 831 3615; x_wconf 86' lang='lat' dir='ltr'>litteraeo</span> <span class='ocrx_word' id='word_1_248' title='bbox 847 3564 936 3615; x_wconf 90' lang='lat' dir='ltr'>ortum</span> <span class='ocrx_word' id='word_1_249' title='bbox 954 3574 1011 3612; x_wconf 88' lang='lat' dir='ltr'>esse</span> <span class='ocrx_word' id='word_1_250' title='bbox 1028 3563 1139 3628; x_wconf 86' lang='lat' dir='ltr'>potest),</span> 
     </span>
     <span class='ocr_line' id='line_1_32' title="bbox 124 3650 1140 3723; baseline -0.004 -13"><span class='ocrx_word' id='word_1_251' title='bbox 124 3656 162 3710; x_wconf 85' lang='lat' dir='ltr'>de</span> <span class='ocrx_word' id='word_1_252' title='bbox 183 3653 268 3711; x_wconf 87' lang='lat' dir='ltr'>Iside</span> <span class='ocrx_word' id='word_1_253' title='bbox 291 3654 319 3703; x_wconf 78' lang='lat' dir='ltr'>et</span> <span class='ocrx_word' id='word_1_254' title='bbox 342 3650 414 3704; x_wconf 87' lang='lat' dir='ltr'>Osir.</span> <span class='ocrx_word' id='word_1_255' title='bbox 429 3653 462 3705; x_wconf 82' lang='lat'>15</span> <span class='ocrx_word' id='word_1_256' title='bbox 480 3650 602 3719; x_wconf 72' lang='grc' dir='ltr'><strong><em>(ἔρεισμα</em></strong></span> <span class='ocrx_word' id='word_1_257' title='bbox 622 3655 656 3721; x_wconf 80' lang='grc' dir='ltr'>τῇ</span> <span class='ocrx_word' id='word_1_258' title='bbox 673 3652 753 3723; x_wconf 76' lang='grc' dir='ltr'><strong><em>στέγη</em></strong></span> <span class='ocrx_word' id='word_1_259' title='bbox 772 3651 929 3720; x_wconf 77' lang='grc' dir='ltr'><strong><em>ὑπέστησεν,</em></strong></span> <span class='ocrx_word' id='word_1_260' title='bbox 947 3665 1000 3702; x_wconf 87' lang='lat' dir='ltr'>non</span> <span class='ocrx_word' id='word_1_261' title='bbox 1012 3653 1061 3719; x_wconf 76' lang='grc' dir='ltr'>τῆς</span> <span class='ocrx_word' id='word_1_262' title='bbox 1081 3652 1140 3706; x_wconf 78' lang='grc' dir='ltr'><strong><em>στέ-</em></strong></span> 
     </span>
     <span class='ocr_line' id='line_1_33' title="bbox 125 3741 1139 3817; baseline 0 -20"><span class='ocrx_word' id='word_1_263' title='bbox 125 3751 204 3817; x_wconf 72' lang='grc' dir='ltr'><strong><em>γης),</em></strong></span> <span class='ocrx_word' id='word_1_264' title='bbox 230 3745 266 3797; x_wconf 92' lang='lat' dir='ltr'>de</span> <span class='ocrx_word' id='word_1_265' title='bbox 287 3743 379 3810; x_wconf 82' lang='lat' dir='ltr'>cupid.</span> <span class='ocrx_word' id='word_1_266' title='bbox 399 3742 479 3797; x_wconf 83' lang='lat' dir='ltr'>divit.</span> <span class='ocrx_word' id='word_1_267' title='bbox 499 3745 514 3797; x_wconf 78' lang='lat'>7</span> <span class='ocrx_word' id='word_1_268' title='bbox 534 3746 599 3797; x_wconf 83' lang='lat' dir='ltr'>extr.</span> <span class='ocrx_word' id='word_1_269' title='bbox 620 3744 763 3813; x_wconf 76' lang='grc' dir='ltr'><strong><em>ἐπαγαγὼν</em></strong></span> <span class='ocrx_word' id='word_1_270' title='bbox 778 3749 811 3816; x_wconf 78' lang='grc' dir='ltr'>τῇ</span> <span class='ocrx_word' id='word_1_271' title='bbox 828 3747 903 3813; x_wconf 83' lang='grc' dir='ltr'><strong><em>ψυχῇ</em></strong></span> <span class='ocrx_word' id='word_1_272' title='bbox 916 3741 1139 3808; x_wconf 77' lang='grc' dir='ltr'><strong><em>τάςφροντίδας,</em></strong></span> 
     </span>
     <span class='ocr_line' id='line_1_34' title="bbox 123 3830 1140 3917; baseline -0.006 -21"><span class='ocrx_word' id='word_1_273' title='bbox 123 3858 182 3896; x_wconf 88' lang='lat' dir='ltr'>non</span> <span class='ocrx_word' id='word_1_274' title='bbox 208 3842 265 3906; x_wconf 78' lang='grc' dir='ltr'>τῆς</span> <span class='ocrx_word' id='word_1_275' title='bbox 285 3837 404 3917; x_wconf 70' lang='grc' dir='ltr'><strong><em>ψυχης),</em></strong></span> <span class='ocrx_word' id='word_1_276' title='bbox 439 3833 564 3889; x_wconf 83' lang='lat' dir='ltr'>Straboni</span> <span class='ocrx_word' id='word_1_277' title='bbox 584 3835 649 3906; x_wconf 85' lang='lat' dir='ltr'>Vp.</span> <span class='ocrx_word' id='word_1_278' title='bbox 667 3840 719 3893; x_wconf 77' lang='lat'>240</span> <span class='ocrx_word' id='word_1_279' title='bbox 738 3837 795 3904; x_wconf 82' lang='grc' dir='ltr'><strong><em>(καὶ</em></strong></span> <span class='ocrx_word' id='word_1_280' title='bbox 814 3841 874 3899; x_wconf 83' lang='grc' dir='ltr'><strong><em>ταῖς</em></strong></span> <span class='ocrx_word' id='word_1_281' title='bbox 891 3830 1042 3901; x_wconf 63' lang='grc' dir='ltr'><strong><em>ἐπωρείαις</em></strong></span> <span class='ocrx_word' id='word_1_282' title='bbox 1059 3839 1092 3906; x_wconf 82' lang='grc' dir='ltr'>τῇ</span> <span class='ocrx_word' id='word_1_283' title='bbox 1111 3857 1140 3892; x_wconf 87' lang='grc' dir='ltr'>τε</span> 
     </span>
     <span class='ocr_line' id='line_1_35' title="bbox 125 3924 1140 4000; baseline 0.003 -22"><span class='ocrx_word' id='word_1_284' title='bbox 125 3932 214 3996; x_wconf 58' lang='grc' dir='ltr'><strong><em>ἐκτὸς</em></strong></span> <span class='ocrx_word' id='word_1_285' title='bbox 237 3930 323 3999; x_wconf 75' lang='grc' dir='ltr'><strong><em>μέχρι</em></strong></span> <span class='ocrx_word' id='word_1_286' title='bbox 342 3931 391 3994; x_wconf 76' lang='grc' dir='ltr'>τῆς</span> <span class='ocrx_word' id='word_1_287' title='bbox 412 3930 547 3994; x_wconf 76' lang='grc' dir='ltr'><strong><em>παραλίας</em></strong></span> <span class='ocrx_word' id='word_1_288' title='bbox 566 3933 614 3997; x_wconf 76' lang='grc' dir='ltr'>τῆς</span> <span class='ocrx_word' id='word_1_289' title='bbox 630 3927 799 3998; x_wconf 80' lang='grc' dir='ltr'><strong><em>Ἀδριατικῆς</em></strong></span> <span class='ocrx_word' id='word_1_290' title='bbox 816 3929 862 3981; x_wconf 78' lang='grc' dir='ltr'>καὶ</span> <span class='ocrx_word' id='word_1_291' title='bbox 880 3931 913 4000; x_wconf 77' lang='grc' dir='ltr'>τῇ</span> <span class='ocrx_word' id='word_1_292' title='bbox 932 3924 1016 3990; x_wconf 76' lang='grc' dir='ltr'><strong><em>ἐντός,</em></strong></span> <span class='ocrx_word' id='word_1_293' title='bbox 1035 3943 1087 3980; x_wconf 88' lang='lat' dir='ltr'>non</span> <span class='ocrx_word' id='word_1_294' title='bbox 1098 3927 1140 3981; x_wconf 73' lang='lat' dir='ltr'>bin</span> 
     </span>
     <span class='ocr_line' id='line_1_36' title="bbox 125 4018 1141 4096; baseline -0.002 -21"><span class='ocrx_word' id='word_1_295' title='bbox 125 4028 201 4096; x_wconf 68' lang='grc' dir='ltr'><strong><em>τῆς),</em></strong></span> <span class='ocrx_word' id='word_1_296' title='bbox 227 4021 355 4076; x_wconf 78' lang='lat' dir='ltr'>Lucieno</span> <span class='ocrx_word' id='word_1_297' title='bbox 375 4018 466 4085; x_wconf 71' lang='lat' dir='ltr'>navig·</span> <span class='ocrx_word' id='word_1_298' title='bbox 481 4022 514 4074; x_wconf 73' lang='lat' dir='ltr'>a?</span> <span class='ocrx_word' id='word_1_299' title='bbox 532 4019 572 4082; x_wconf 76' lang='grc' dir='ltr'>(ἐς</span> <span class='ocrx_word' id='word_1_300' title='bbox 590 4023 667 4084; x_wconf 71' lang='grc' dir='ltr'><strong><em>τέλος</em></strong></span> <span class='ocrx_word' id='word_1_301' title='bbox 685 4041 739 4090; x_wconf 80' lang='lat' dir='ltr'>pov</span> <span class='ocrx_word' id='word_1_302' title='bbox 758 4025 790 4093; x_wconf 84' lang='grc' dir='ltr'>τῇ</span> <span class='ocrx_word' id='word_1_303' title='bbox 810 4019 875 4092; x_wconf 73' lang='grc' dir='ltr'><strong><em>εὐχῇ</em></strong></span> <span class='ocrx_word' id='word_1_304' title='bbox 893 4019 1061 4088; x_wconf 71' lang='grc' dir='ltr'><strong><em>ἐπηρεάζων,</em></strong></span> <span class='ocrx_word' id='word_1_305' title='bbox 1088 4036 1141 4074; x_wconf 91' lang='lat' dir='ltr'>non</span> 
     </span>
     <span class='ocr_line' id='line_1_37' title="bbox 126 4110 1141 4188; baseline 0.002 -23"><span class='ocrx_word' id='word_1_306' title='bbox 126 4125 179 4188; x_wconf 61' lang='grc' dir='ltr'>τῆς</span> <span class='ocrx_word' id='word_1_307' title='bbox 191 4115 310 4184; x_wconf 73' lang='grc' dir='ltr'>εὐχῆς),</span> <span class='ocrx_word' id='word_1_308' title='bbox 323 4110 465 4165; x_wconf 77' lang='lat' dir='ltr'>Pausania</span> <span class='ocrx_word' id='word_1_309' title='bbox 476 4112 511 4173; x_wconf 90' lang='lat' dir='ltr'>II,</span> <span class='ocrx_word' id='word_1_310' title='bbox 531 4115 573 4172; x_wconf 80' lang='lat'>20,</span> <span class='ocrx_word' id='word_1_311' title='bbox 584 4115 601 4167; x_wconf 87' lang='lat'>4</span> <span class='ocrx_word' id='word_1_312' title='bbox 620 4112 741 4182; x_wconf 79' lang='grc' dir='ltr'><strong><em>(ἐκράτει</em></strong></span> <span class='ocrx_word' id='word_1_313' title='bbox 752 4118 785 4185; x_wconf 77' lang='grc' dir='ltr'>τῇ</span> <span class='ocrx_word' id='word_1_314' title='bbox 795 4115 875 4186; x_wconf 82' lang='grc' dir='ltr'><strong><em>μάχη,</em></strong></span> <span class='ocrx_word' id='word_1_315' title='bbox 894 4130 947 4168; x_wconf 90' lang='lat' dir='ltr'>non</span> <span class='ocrx_word' id='word_1_316' title='bbox 968 4116 1016 4181; x_wconf 81' lang='grc' dir='ltr'>τῆς</span> <span class='ocrx_word' id='word_1_317' title='bbox 1033 4111 1141 4180; x_wconf 79' lang='grc' dir='ltr'><strong><em>μάχης).</em></strong></span> 
     </span>
    </p>
   </div>
   <div class='ocr_carea' id='block_1_6' title="bbox 0 0 1306 4530">
    <p class='ocr_par' dir='ltr' id='par_1_6' title="bbox 0 0 1306 4530">
     <span class='ocr_line' id='line_1_38' title="bbox 0 0 1306 4530; baseline 0 0"><span class='ocrx_word' id='word_1_318' title='bbox 0 0 1306 4530; x_wconf 95' lang='lat' dir='ltr'> </span> 
     </span>
    </p>
   </div>
  </div>
 </body>
</html>
