2580 4530
218 272 258 336 88
360 279 363 283 ’
655 274 716 329 Lib.
735 275 758 329 1.

172 473 204 535 οἱ
220 469 273 540 δέ,
296 469 473 554 addiditque
494 472 775 539 incommodissime
805 473 881 539 loce.
930 473 1032 557 Atque
1060 474 1125 539 haec
1146 475 1236 540 addi-

172 577 320 652 tomento,
344 595 411 658 quae
424 578 455 640 et
466 595 575 659 perse
596 581 760 645 manifesta
781 579 854 645 sunt
869 581 903 644 et
913 579 993 645 inter
1006 599 1041 645 se
1050 581 1236 646 confirmant

173 682 211 751 etv
234 683 353 773 apertas
380 670 496 748 hahent
517 702 553 749 ex
567 684 806 768 simplicissima
832 681 994 751 iudicandi
1013 686 1140 751 levitate
1160 705 1235 752 cau-

172 778 240 865 sas,
271 788 306 865 in,
333 788 483 871 scriptura
511 789 632 873 integra
661 791 753 855 antea
781 793 813 856 et
843 791 1019 874 incorrupta
1048 792 1234 857 acciderunt.

173 893 255 958 Illud
276 894 339 958 iam
362 913 398 959 ex
418 894 528 960 mendo
550 899 622 961 ente
643 896 731 962 illato
754 897 863 963 natum
886 897 947 973 σούς
969 916 1043 962 nem
1063 898 1235 963 inThemi-

173 1000 267 1065 etocle
280 1019 306 1065 c.
319 1002 337 1062 2
350 1001 388 1065 de
409 1000 617 1067 Themistocle
638 1021 733 1086 puero
755 1003 1016 1088 haeolegunmn
1053 997 1155 1070 Ἐπεὶ
1178 1005 1233 1068 καὶ

177 1106 244 1172 σύν
261 1100 478 1172 παιδεύσεων
499 1102 561 1180 τοὶς
585 1112 654 1192 μὲν.
671 1101 865 1190 η’θοποιούς
886 1103 909 1192 η’
932 1103 1018 1195 πρός
1032 1104 1163 1193 ἡδονήν
1178 1111 1233 1175 καὶ

174 1205 270 1298 χύριν
297 1215 493 1294 ἐλευθέριον
520 1215 797 1298 σπουδαζομένας
819 1209 969 1299 ὀκνηρῶς
992 1217 1045 1283 καὶ
1071 1209 1234 1300 α’πρσθύ-

174 1342 248 1402 μως
265 1311 506 1402 amphionem,
529 1322 596 1386 coia
618 1322 651 1386 δὲ
674 1326 722 1393 εἰς
744 1316 881 1388 σύνεσιν
902 1318 924 1406 ἢ
947 1314 1071 1406 π’ρᾶξιν
1092 1325 1234 1408 λεγομέ-

176 1449 246 1488 νων
276 1425 377 1507 δηλος
400 1417 443 1509 ἦν
464 1420 723 1512 ούχύπερορων
751 1422 831 1510 παρ’
853 1422 1004 1512 ἠλικίαν,
1033 1423 1077 1502 οἷς
1104 1429 1147 1518 cp}
1169 1420 1235 1513 φύ-

176 1555 226 1596 σει
249 1525 430 1611 πιστεύων,
478 1533 593 1598 Mirum
618 1536 667 1599 est
689 1534 725 1599 de
746 1554 840 1617 puero
863 1534 1093 1617 disciplinarum
1124 1536 1157 1599 et
1185 1553 1236 1599 ar-

175 1637 254 1702 tium
275 1638 411 1705 studioso
431 1631 491 1724 ούχ
514 1633 697 1723 ύπερορύν,
718 1643 1006 1719 non-nentemnere,
1030 1640 1136 1706 addita
1156 1659 1236 1722 prae-

175 1744 283 1808 sertim
310 1762 416 1821 cansa,
446 1744 526 1828 qnod
553 1748 670 1812 naturae
698 1730 894 1825 conlusot‚‚··
903 1764 976 1830 ⁴1¹1ae
1008 1746 1048 1810 ad
1078 1747 1236 1827 contemp-

177 1850 246 1915 tam
267 1850 439 1922 tollendum
462 1850 539 1916 nihil
560 1852 693 1917 valebat.
741 1852 804 1919 Sed
812 1850 959 1936 optimus
981 1851 1127 1928 omnium,
1148 1852 1183 1914 uh
1204 1850 1235 1914 in

177 1955 355 2034 Plutarcho,
377 1955 470 2021 codex
482 1956 752 2040 Sangermonensie
773 1959 805 2023 et
825 1958 879 2023 alii
899 1952 1027 2023 omnino
1041 1976 1100 2022 non
1122 1956 1238 2021 hahent

176 2055 251 2146 οὐχ.
306 2044 476 2144 Scripserat
497 2063 603 2146 igitur
629 2064 812 2130 Plutarchus
841 2063 944 2146 δῆλος
972 2053 1018 2145 ἦν
1032 2057 1235 2146 ..ύπερεροῖν

179 2169 287 2234 Vocali
306 2197 320 2232 ε
340 2170 371 2233 in
383 2193 400 2232 ο
414 2171 544 2244 mutata,
564 2168 705 2241 additum
728 2172 777 2235 est
797 2170 831 2235 in
850 2169 967 2254 aliquot
987 2168 1143 2235 codicibus
1165 2161 1236 2253 ούχ.

175 2276 213 2339 In
235 2274 344 2357 Pyrrhi
371 2275 475 2338 autern
499 2275 563 2337 vita
586 2292 611 2338 c.
625 2274 664 2337 22
681 2275 730 2338 ··de
751 2293 822 2359 rege
844 2276 1041 2353 deliberante,
1063 2277 1168 2340 utrum
1185 2294 1236 2340 res

179 2380 304 2444 Italicas
323 2398 367 2455 ,an
392 2378 515 2444 Graecas
537 2397 577 2442 an
600 2377 775 2446 Sicilienses
796 2382 990 2463 potissimum
1002 2382 1152 2465 capessat,
1173 2381 1239 2445 haec

178 2485 366 2563 scribuntur:
414 2484 503 2562 ,Εἶρα
531 2497 602 2555 τοῖς
629 2486 814 2557 Σικελικοῖς
841 2479 1008 2569 μειζόνων
1029 2470 1238 2572 ύπρκεῖσδαι

178 2582 394 2676 πραγμάτων
426 2584 630 2665 δοκούντων,
656 2584 794 2676 Λιβύης
819 2587 919 2680 ἐγγύς
940 2593 1027 2658 εἶναι
1055 2586 1238 2676 δοκούσης,

179 2699 234 2765 ἐπὶ
257 2698 363 2763 ταῦτα
388 2700 514 2779 opimas
543 2698 672 2762 Κινέαν
693 2703 757 2778 μὲν
779 2692 890 2772 εύθύς
912 2702 1079 2782 ἐξέπεμψε
1097 2699 1239 2783 προδια-

179 2797 379 2887 λεξόμενον,
425 2804 457 2868 in
499 2803 607 2879 ombus
651 2805 801 2881 Sintenis,
843 2806 934 2871 homo
984 2807 1238 2889 pacientissime,

180 2903 345 2992 δοκούσης
386 2912 499 2978 iniuria
537 2913 713 2996 suspectum
753 2912 936 2996 quibusdam
970 2912 1065 2978 fuisse
1097 2913 1239 2987 cunctam

180 3017 320 3101 equidem
354 3020 551 3085 meritissimo
581 3021 756 3102 suspectum
789 3019 857 3084 dieo
889 3038 947 3084 non
983 3019 1082 3085 solum
1114 3019 1152 3083 eb
1184 3036 1240 3101 ge-

179 3126 330 3192 minatum
374 3125 406 3188 in
451 3126 570 3191 eadem·
603 3124 835 3191 censhmctionis
877 3125 975 3191 forma
1016 3124 1100 3188 idem
1143 3121 1241 3205 parti-

85 3260 93 3279 *
180 3234 293 3315 cipium
342 3233 395 3296 auh
427 3232 509 3316 quod
549 3252 648 3298 causae
688 3227 872 3314 (μειζόνων
1035 3226 1240 3304 δοκούντων)

180 3358 273 3405 causa
302 3338 472 3404 necessario
504 3338 565 3402 alia
594 3338 692 3403 forma
724 3335 930 3402 subnectenda
961 3336 1047 3412 erat,
1079 3335 1134 3400 sed
1161 3333 1241 3416 quod

47 3505 50 3512 .
180 3446 282 3535 toturn
328 3445 465 3527 ineptum
508 3445 570 3520 est,
612 3443 752 3508 Africam
784 3442 882 3507 visam
928 3459 1005 3506 esse·
1040 3441 1241 3524 propinquam

182 3570 250 3616 esse
275 3550 405 3628 Sicilia,
427 3568 485 3634 quo
506 3549 585 3613 nihil
605 3550 671 3612 erat
692 3548 805 3617 certius
827 3549 881 3611 eut
902 3548 1013 3612 notius.
1056 3546 1241 3611 Plutarchus

182 3656 227 3721 sic
246 3660 403 3739 posuerat:
427 3669 496 3728 τοῖς
513 3657 700 3725 Σικελικοῖς
720 3644 886 3732 μειζόνων
900 3647 1107 3718 ύποκεῖσθαι
1131 3675 1242 3738 πραγ-

180 3755 300 3845 μύτων
328 3756 517 3829 δοκούντων
550 3761 594 3846 κη]
622 3752 760 3842 Λιβύης
789 3752 889 3843 ἐγγύς
907 3759 1024 3832 εἶναι,
1053 3761 1109 3824 ἐπὶ
1132 3759 1242 3823 καύτα

182 3871 308 3952 τρέψας
331 3895 358 3932 κ.
381 3896 410 3934 ο.
434 3872 464 3936 λ.
507 3868 584 3933 (inm
611 3893 656 3951 op
683 3865 755 3948 post
784 3865 851 3930 ocio
881 3864 1062 3942 excidisset,
1101 3863 1242 3929 additum

182 3977 230 4040 est
254 3975 293 4039 ad
319 3977 504 4041 structuram
521 3971 726 4039 efficiendam
754 3963 928 4053 δοκούσης.
976 3969 1038 4034 Sed
1067 3970 1244 4036 Graecornm

75 4061 79 4068 ⁸
184 4081 390 4165 exemplemm
413 4081 544 4151 ,abunde
575 4080 639 4146 iarn
672 4077 730 4143 est.
786 4076 964 4142 Latinorum
996 4093 1108 4160 agmen
1139 4073 1245 4140 Cicero
