2580 4530
612 275 673 334 nn.
693 276 715 335 1.
1108 277 1148 340 39

112 475 147 540 te
171 476 241 541 rita
262 477 364 542 beata
386 477 446 555 23,
480 477 513 538 4⁴
528 479 575 541 39
589 494 626 540 ex
646 474 752 540 uolet
772 479 838 543 orto
859 480 892 543 et
911 478 1024 544 uitiosa
1043 479 1128 543 faeta
1149 481 1198 544 est

114 583 204 646 oratio
237 583 294 665 (et
319 582 486 648 habebit
519 582 667 664 itaquo,
709 583 850 665 copulato
889 585 927 649 et
951 585 1124 669 ·ita·quo¹)
1165 590 1197 651 et

112 689 275 752 sententiae
309 688 492 773 progressio
514 688 651 765 sublata;
673 688 808 771 primum
828 690 911 755 enim
933 710 987 775 pen·
1011 710 1044 757 se
1068 690 1194 756 dieitur:

116 792 335 874 sio(sapiens)
348 794 557 877 pauper,si
571 792 744 876 potuerit
761 814 843 861 3333
855 796 970 877 dives,
982 799 1103 876 rolet;
1126 800 1194 863 tum

117 899 304 983 idiungitun
330 918 393 983 qua
413 899 536 965 ratione
556 900 716 966 indiuitiis
729 921 763 967 so
776 905 919 986 gesturus
931 904 981 966 sit.
1024 904 1105 984 Quid
1128 905 1194 970 vitii

117 1006 248 1087 proximo
275 1007 383 1088 eapite
405 1005 472 1087 (24,
495 1007 530 1091 3)
553 1007 594 1072 ad
611 1007 742 1073 formam
758 1000 951 1072 rhetoricam·
961 1008 1074 1073 habeat
1085 1010 1193 1074 eadem

117 1112 266 1194 particula
283 1132 322 1178 er
341 1111 450 1176 iubet
469 1113 549 1190 orta,
566 1132 626 1178 non
638 1133 794 1196 exponam.
827 1099 1066 1196 (Hominibus
1087 1116 1193 1198 prod·

117 1238 197 1284 essa
221 1219 371 1284 natura
392 1218 516 1296 iubata
541 1219 642 1284 se'rri
669 1219 838 1285 liberino
861 1220 940 1284 sint
965 1220 1019 1299 hi,
1039 1221 1192 1304 ...quid

116 1323 260 1390 refert?
306 1326 411 1409 Vulgo
433 1323 562 1403 iubet,
598 1325 766 1390 etservi
785 1327 859 1403 339.)
914 1326 1193 1412 Aooessitadge-

116 1431 319 1496 minationem
349 1430 428 1495 alius
455 1450 541 1496 orror
567 1430 658 1512 apud'
674 1431 806 1496 eundem
836 1431 868 1495 in
890 1431 969 1498 libro
991 1432 1029 1496 da
1051 1434 1192 1498 constan-

116 1536 154 1600 tia
173 1556 241 1620 sap.
266 1536 300 1615 9,
323 1538 356 1615 9,
376 1537 430 1600 ubi
452 1537 557 1602 editur
576 1536 748 1607 irritatis
774 1538 813 1602 in
835 1557 900 1603 noa
921 1539 1191 1621 potentiorum

115 1643 297 1721 motibus,
334 1643 415 1708 miro
437 1662 513 1708 sano
538 1643 681 1726 loquendi
702 1662 830 1727 genere;
863 1645 918 1709 sed
938 1645 1057 1710 oodioes
1081 1645 1190 1727 optimi

115 1748 225 1814 tabent
245 1749 385 1826 motis;
407 1749 508 1815 semel
529 1749 643 1833 scripta
664 1749 813 1815 litteram
836 1750 949 1828 (otis),
972 1752 1122 1816 efficietur
1142 1751 1190 1814 fa

116 1854 167 1918 cilo
187 1857 334 1920 neotum:
378 1855 642 1938 potentiorum
673 1855 780 1921 odiis.
828 1857 921 1939 Apud
942 1857 1072 1921 eundem
1095 1855 1190 1920 Seno-

116 1979 175 2025 num
197 1960 255 2044 qui
277 1961 312 2025 in
336 1961 427 2044 epist.
454 1961 513 2038 89,
546 1961 583 2024 13
604 1962 770 2027 Ariston
792 1960 910 2027 Chius
933 1962 1106 2044 appellatur
1126 1961 1190 2027 usi·

116 2070 174 2131 nto
194 2067 396 2151 eognomina
414 2080 478 2148 ‘quo
504 2084 523 2130 a
543 2066 602 2132 Ceo
622 2067 940 2152 distinguiture-epist.
957 2069 1006 2144 94,
1030 2068 1048 2129 2
1065 2085 1190 2148 prorsus

115 2172 257 2238 inusitate
269 2174 440 2238 Ariston
464 2173 626 2239 Stoicus
645 2174 767 2251 dicitur,
779 2193 848 2238 oum
860 2174 1031 2256 praesertim
1046 2173 1131 2237 nulla
1148 2174 1190 2239 sit

116 2279 221 2344 339393
243 2281 352 2364 magis
369 2280 402 2344 in
425 2299 461 2345 eo
483 2299 576 2362 quam
597 2281 629 2345 in
652 2279 801 2346 Cleanthe
824 2278 857 2365 (ξ
868 2283 901 2354 4)
924 2280 1063 2345 notandae
1086 2299 1188 2346 eausa.

116 2384 168 2449 Sed
183 2405 222 2449 er
232 2385 376 2466 repetita
390 2387 511 2470 syllaba
532 2388 614 2451 aton
627 2389 735 2451 natum
750 2385 908 2451 Stoicus
922 2388 978 2464 339,
992 2406 1062 2451 oum
1074 2386 1189 2454 Seneca

115 2492 222 2556 t'lnius
245 2492 436 2574 scripsisset.
480 2492 581 2565 (Alius
594 2492 715 2577 generis
733 2495 782 2557 339
797 2493 977 2576 geminatio,
1002 2494 1186 2575 quaeritur,

114 2616 174 2662 rum
203 2599 245 2675 oi,
269 2598 355 2680 quod
375 2619 470 2681 prave
490 2598 640 2681 seriptum
664 2601 728 2675 339,
750 2598 903 2688 librarius,
926 2619 1025 2664 errore
1048 2600 1188 2663 animad-

113 2720 215 2773 uerso,
249 2704 376 2767 rectum
406 2704 579 2769 additmeo
606 2708 713 2769 tamen
741 2705 824 2787 prius
854 2705 931 2769 illud
954 2706 1036 2770 delet
1057 2725 1187 2788 parcens

113 2807 211 2882 nitori,
246 2810 405 2892 quomodo
434 2810 517 2893 apud
549 2812 694 2875 Senecam
725 2810 847 2891 quaestt.
880 2812 943 2874 nat.
979 2811 1048 2887 Vll,
1083 2811 1134 2887 30,
1158 2813 1186 2886 5,

112 2932 173 2977 mm
187 2914 229 2978 ab
250 2916 323 2996 ipso
354 2915 469 2980 Seneca
479 2917 525 2980 sio
540 2919 689 3001 scriptum
701 2918 799 2982 esset:
823 2915 943 2994 Quam
963 2919 1083 2981 multa
1102 2917 1187 2980 ani-

111 3021 924 3107 maliahooprimumcognovimusseoulo!
947 3020 1187 3106 quammulta

110 3128 240 3191 93933
263 3126 442 3209 quidem!
476 3128 609 3193 Multa
632 3129 831 3194 uenientis
854 3129 923 3194 aeui
944 3129 1109 3212 populus
1130 3126 1186 3208 ig-

110 3234 191 3296 nota
209 3232 333 3298 nobis
354 3233 465 3311 sciet,
481 3234 623 3300 librarius
634 3237 768 3318 primum
780 3237 954 3301 ennehoc
967 3234 1186 3314 effecitnego-

108 3338 204 3403 tia-
220 3344 255 3405 39
266 3343 393 3405 erratur
403 3340 479 3405 alibi
491 3360 550 3405 non
560 3342 659 3406 multo
670 3341 768 3416 aliter,
781 3378 821 3388 —
834 3341 942 3407 deinde
953 3341 1035 3403 reete
1046 3337 1185 3434 scripsit3

107 3456 232 3512 ununo
255 3465 385 3530 quoque
407 3445 438 3508 in
458 3445 641 3512 editionibus
663 3450 827 3529 utrumque
847 3444 1054 3526 coniungitur:
1077 3462 1184 3525 quam

107 3555 228 3619 multa
251 3553 422 3637 negotia
443 3571 490 3616 ne
511 3551 581 3615 lioo
603 3552 756 3635 quidem
778 3552 935 3617 seculo!
964 3548 1048 3626 Quae,
1070 3570 1181 3632 quaeso,

106 3662 159 3726 lac
186 3666 238 3727 ost
260 3658 527 3743 negotiorum
548 3659 696 3743 cognitio,
729 3659 831 3723 futuro
853 3656 955 3720 seculo
978 3660 1132 3723 reservata
1154 3663 1185 3723 et

117 3912 134 3979 ’,ι
158 3914 361 3971 tectissimum
382 3914 437 3976 est,
459 3925 494 3964 ne
512 3910 571 3979 quis
590 3924 633 3962 me
651 3907 765 3963 oblitum
786 3903 888 3959 credat:
908 3906 1026 3973 itaque
1045 3907 1079 3958 et
1099 3945 1124 3960 ..
1141 3910 1182 3958 39

160 4018 192 4065 et
209 4055 237 4068 ..
257 4011 388 4079 itaque
411 4044 439 4059 ..
461 4004 508 4066 et,
527 4004 577 4058 hoo
601 4000 710 4071 quidem
729 3995 801 4067 apud
818 4011 870 4059 eos,
885 3995 1183 4066 quiomninoitaqne

156 4114 228 4162 erm
245 4106 379 4177 primum
402 4098 498 4152 locum
516 4096 630 4165 ponunt.
