2626 4530
170 266 210 328 20
632 270 693 325 Lib.
714 272 737 326 Ι.

126 469 283 552 exemplis,
305 468 338 532 in
361 468 471 549 quibus
494 472 681 537 confirmo
704 474 737 537 at
757 468 945 536 conformo
967 470 1190 550 permutantur.

125 566 264 640 Valerius
275 574 428 640 Maximus
450 575 629 652 111,71o.o
652 578 795 670 ansiam
817 575 931 650 ridens,
953 574 1057 655 quiin
1077 593 1109 638 re
1124 574 1192 639 bel·

123 683 184 747 lioa
202 682 273 764 plus
296 682 374 745 extis
388 688 489 764 'quam
509 682 678 748 Hannibali
699 681 890 756 credidisset
912 680 957 742 sio
978 674 1113 761 scripsit:
1144 679 1191 742 ut

126 806 227 864 sane,
260 785 354 870 quod
385 787 431 851 ad
459 787 688 870 exploranda
717 787 863 853 bellica
895 783 1066 850 artificia
1087 785 1191 848 aesti-

31 956 32 961 ,
124 894 355 976 mundosque
394 892 588 958 militares
630 894 766 958 duetus
805 892 1016 966 attinebat,
1060 909 1190 956 omnes

124 997 287 1076 foculos,
313 1010 440 1065 omnes
462 1020 547 1065 aras
569 999 775 1084 Bithyniae,
798 999 920 1062 Marte
944 997 1024 1079 ipso
1045 990 1189 1074 iudice,

124 1105 261 1188 paetus
288 1105 521 1172 Hannibalis
541 1106 841 1188 praegravasset.
866 1104 926 1167 Pro
944 1104 1132 1168 eoscribitur
1157 1105 1189 1168 in

125 1209 278 1274 codicibus
303 1211 464 1294 editurque
483 1212 521 1275 ab
540 1210 679 1277 omnibus
696 1211 842 1275 bellica
859 1208 1083 1287 sacrificia,
1104 1229 1188 1293 pror·

125 1335 176 1380 sus
205 1315 349 1393 ridicule,
370 1319 459 1400 quasi
481 1318 513 1381 in
526 1316 710 1382 Hannibale·
722 1316 940 1380 sacrificiomm
961 1316 1073 1397 peritia
1083 1316 1189 1380 laude-

124 1423 175 1485 tur
201 1422 233 1485 et
255 1440 292 1487 aa
312 1423 396 1486 recte
421 1423 476 1486 ant
496 1421 608 1487 saltem
630 1422 832 1486 tolerabiliter
855 1441 924 1486 oum
946 1423 1187 1488 militaribus

124 1528 301 1593 ductibus
325 1528 568 1612 coniungantur,
597 1546 633 1591 ac
653 1546 713 1591 non
734 1526 793 1620 hoo
815 1529 916 1610 ipsum
930 1528 1070 1592 Valerius
1096 1528 1188 1605 dieat,

122 1634 267 1698 bellicam
290 1632 473 1698 Hannibalis
501 1632 655 1715 peritiam.
673 1633 814 1697 omnibus
844 1635 1001 1698 sacrifieiis
1022 1635 1189 1716 pracferen-

125 1740 197 1804 dam
218 1740 325 1805 fuisse.-
369 1740 555 1805 Communes
581 1737 828 1803 litteraeificia
850 1740 981 1809 alterum
995 1736 1187 1805 'vocabulum

122 1847 311 1923 obiecerunt;
346 1847 406 1911 etsi
428 1846 532 1923 etiam,
554 1865 624 1910 oum
646 1863 667 1910 a
686 1845 793 1909 littera
815 1846 911 1909 semel
935 1846 1049 1928 scripta
1068 1846 1187 1910 factum

124 1955 207 2018 esset
234 1951 553 2030 bellicartifioia,
587 1952 771 2016 uocabulum
802 1951 903 2032 capite
929 1952 1070 2018 buricum
1092 1971 1188 2034 prava

124 2059 313 2135 coniectura,
354 2057 435 2140 quod
456 2057 495 2122 de'
507 2058 591 2148 ‘artis
621 2056 738 2139 aliquid
764 2058 978 2139 praecesserat,
1012 2059 1187 2140 suppletum

104 2157 195 2242 ,essa
215 2164 326 2246 potest.
360 2160 482 2227 Saneoae
509 2162 633 2245 quidem
662 2162 701 2227 de
723 2163 895 2226 constantia
916 2172 980 2245 sap.
1004 2163 1053 2237 15,
1081 2162 1100 2223 3
1123 2163 1188 2225 sola

124 2269 226 2333 nocuit
239 2267 433 2344 similitudo,
470 2267 522 2349 qui
543 2287 613 2331 eum
633 2286 689 2349 per
709 2267 864 2351 figuram,
892 2272 928 2334 ut
949 2269 1042 2346 solet,
1072 2269 1187 2351 experi-

122 2375 263 2439 mentum
287 2373 524 2454 eapere‘iubens
545 2373 590 2437 sio
601 2374 798 2457 scripsisset:
834 2373 966 2452 Quaere
993 2376 1029 2438 et
1055 2393 1188 2457 aspera

122 2481 160 2543 et
192 2496 427 2562 quaeeunque
453 2478 631 2543 toleratu
653 2479 787 2562 gravia
810 2481 899 2545 sunt
919 2481 1128 2563 audituque
1152 2482 1188 2545 at

121 2587 205 2650 visu
231 2574 599 2666 refugiendaanon
631 2584 813 2649 obruetur
844 2606 973 2652 eorum
1006 2588 1104 2651 ooetu
1138 2587 1186 2663 et,

122 2688 249 2773 qualis
282 2689 469 2773 singulis,
500 2689 594 2754 talis
627 2690 823 2757 universis
854 2694 1037 2769 obsistat,
1071 2693 1187 2758 substi-

120 2799 204 2861 tuto·
221 2813 337 2877 quare
363 2814 417 2877 pro
445 2813 568 2877 quaere
599 2797 778 2878 perturbata
805 2801 896 2881 plane
923 2800 1018 2864 oratio
1045 2801 1107 2875 est,
1141 2799 1190 2863 cui

121 2901 236 2966 frustra
258 2918 354 2981 nuper
380 2900 593 2966 incredibilem
630 2903 806 2968 anacoluthi
829 2905 961 2987 speciem
983 2907 1188 2971 adhibuerunt

121 3008 258 3091 (quare
287 3018 423 3088 aspera
539 3025 610 3070 nou
637 3008 867 3094 obruetur);.
893 3012 1063 3095 superiores
1090 3013 1186 3076 inter·

119 3112 276 3198 palatione
308 3111 472 3176 temeraria
498 3113 546 3177 usi
574 3115 662 3177 erant
695 3114 838 3196 (quare
866 3118 937 3181 etsi
970 3136 1107 3200 aspera

121 3218 631 3303 quantumcunque...sint).
665 3219 734 3284 Una
754 3222 861 3286 littera
880 3225 1000 3306 longius
1023 3216 1186 3310 πελάγιος

121 3326 202 3410 apud
218 3323 399 3389 Strabonem
417 3324 463 3387 bis
484 3342 539 3405 pro
562 3316 708 3409 πλάγιος
723 3328 859 3408 positum
873 3333 930 3410 est,
946 3329 1081 3411 primum
1095 3331 1144 3394 ΙΙΙ
1156 3351 1184 3413 p.

122 3433 198 3496 167:
221 3433 284 3497 εἰσὶ
308 3430 340 3494 δὲ
365 3432 418 3494 aul
430 3420 573 3515 ιὶλάγιαι
595 3433 730 3514 μᾶλλον
748 3437 1011 3501 αἱΠιτυοὺσοαι
1028 3431 1185 3518 καὶπρὸς

122 3540 266 3621 ἑσπέραν
278 3538 468 3619 κεκλιμέναι
484 3536 551 3600 τῶν
559 3538 765 3622 Γυμνησίων
780 3541 893 3625 (magis
906 3542 945 3606 ad
960 3543 1091 3606 altorum
1103 3542 1184 3606 latus

120 3662 234 3718 versae3
262 3641 440 3707 Germanice
457 3641 559 3706 dieas:
586 3645 688 3730 liegen
709 3646 797 3709 mehr
815 3646 995 3731 seitwarta);
1023 3642 1182 3734 πελάγιαι

85 3830 88 3842 ,
122 3753 154 3814 et
173 3741 331 3833 πελάγιαι
347 3748 492 3830 μᾶλλον,
516 3749 553 3811 ut
566 3751 758 3816 scribitur-et
775 3750 889 3830 editur,
906 3753 971 3817 inre
987 3754 1053 3818 tam
1069 3755 1183 3820 mirum

120 3854 271 3919 Meiuelrio
294 3855 325 3917 in
340 3854 450 3919 insulis
461 3854 562 3919 risum
578 3858 633 3934 est,
656 3859 692 3921 ut
704 3858 862 3921 stellulam
875 3859 1051 3941 apponeret;
1075 3860 1184 3925 deinde

120 3962 189 4043 Vp.
206 3961 277 4036 244,
290 3960 344 4023 ubi
367 3961 497 4027 editores
521 3960 596 4025 adeo
610 3963 760 4041 nesciunt,
785 3963 858 4045 quid
879 3963 993 4028 faciant
1006 3964 1107 4031 verbis
1120 3965 1184 4050 τηίι
