2580 4530
217 260 258 321 48
656 261 715 315 Lib.
736 263 756 315 Ι.

176 453 347 523 ἄκλυστον
364 452 649 549 στόμα-λαβούσῃ
665 459 751 544 πρός
772 452 838 545 τήν
852 451 1043 525 θάλασσαν.
1079 457 1105 520 Ε
1120 457 1243 522 Latinis

176 557 293 628 Seneca
313 564 425 630 consol.
447 565 486 630 ad
507 565 602 630 Marc.
626 566 663 644 9,
692 567 711 629 5
733 584 805 631 cum
827 565 872 630 sic
899 565 1086 648 scripsisset:
1130 561 1243 664 Quic-

176 686 284 752 quam
320 672 361 735 tu
398 673 510 752 putas
551 691 622 737 non
664 673 851 750 futurum,
888 671 985 755 quod
1017 669 1091 735 sois
1124 686 1243 751 posse

175 775 285 855 fiori,
317 776 415 859 quod
447 776 582 843 multis
613 779 727 844 vides
760 777 958 855 evenisse,
991 778 1074 841 recte
1104 775 1241 857 primum

176 879 312 947 absolute
340 879 378 947 ao*
409 877 558 948 δὀνασόο
590 902 727 966 ponens,
761 885 793 948 iu
814 902 873 966 quo
893 883 972 947 nihil
991 882 1050 948 loci
1072 879 1242 945 multitudo

175 989 230 1053 aut
248 989 400 1071 paucitas
415 990 530 1067 habet,
567 988 676 1053 deindo
705 1009 772 1055 rem
799 1007 879 1072 saepo
907 989 1043 1066 factam,
1077 1004 1172 1069 prave
1206 1004 1242 1049 ex

175 1095 341 1178 posteriore
362 1095 429 1160 loco
458 1094 601 1160 multis
628 1096 723 1160 stiam
746 1097 778 1160 iu
807 1094 892 1178 prius
920 1094 1095 1159 membrum
1115 1092 1241 1157 illatum

177 1201 241 1265 ostz
264 1201 364 1282 quod
386 1199 522 1273 multis
544 1200 620 1264 sois
641 1218 754 1282 posse
775 1200 887 1278 fieri,
909 1200 942 1264 in
964 1218 1023 1283 quo
1039 1199 1133 1264 etiam
1148 1197 1254 1280 plano.

175 1304 357 1370 inusitatum
383 1308 430 1371 est
461 1306 597 1372 multis
622 1305 732 1376 ,fieri
760 1325 815 1388 pro
846 1324 896 1383 eo,
933 1305 1013 1388 quod
1033 1306 1082 1370 cst
1102 1303 1241 1369 multis

178 1412 369 1476 accidere.
421 1413 528 1496 Longa
558 1412 640 1477 enim
667 1411 758 1475 aliter
784 1411 909 1477 dicitur:
949 1410 1044 1490 Quid
1077 1410 1113 1474 ei
1146 1409 1242 1474 fiet?

176 1521 230 1584 aut
250 1518 352 1583 idom
373 1519 477 1591 facio
499 1518 642 1583 octaris
666 1517 739 1596 (vid.
764 1518 803 1582 ad
827 1514 925 1583 Cicer.
948 1517 986 1582 de
1006 1510 1068 1582 dns
1082 1516 1124 1593 ΙΙ,
1148 1514 1188 1575 79
1209 1535 1240 1596 p.

175 1625 261 1708 274).
308 1625 342 1690 Si
362 1625 467 1708 posset
488 1623 610 1688 dativus
631 1623 712 1705 poni,
735 1623 899 1688 dicendum
921 1625 988 1688 erat
1009 1621 1197 1688 omnibus.

258 1731 398 1796 Plurium
418 1730 579 1796 verborum
594 1730 627 1793 ot
636 1729 731 1794 totius
741 1729 902 1794 sententiae
914 1730 1050 1794 traiectae
1064 1728 1241 1811 exemplum

176 1837 318 1904 Graecum
340 1837 421 1903 sumi
441 1837 544 1920 potest
564 1856 581 1900 e
603 1835 760 1900 Strabonis
781 1836 833 1902 lib.
855 1835 929 1901 XVI
951 1856 988 1920 p.-
1003 1834 1075 1912 778,
1096 1834 1152 1903 uhi
1172 1852 1241 1898 me-

176 1944 234 2009 diae
256 1943 422 2031 narrationi
444 1944 482 2007 de
502 1942 656 2008 Arabibus
677 1943 709 2007 iu
732 1943 837 2009 stratis
860 1961 896 2007 ex
916 1941 1069 2006 radicibus
1093 1941 1246 2007 fruticum·

176 2050 398 2116 odoriferorum
428 2020 661 2114 dormientibus·
676 2050 708 2113 et
733 2051 896 2132 propterca
919 2049 951 2112 iu
974 2048 1135 2112 veternum
1162 2045 1241 2114 inei·

175 2155 319 2221 dentibus
351 2174 474 2238 prorsus
510 2156 614 2237 inepte
653 2155 888 2237 interponuntur
922 2153 1041 2237 aliquot
1071 2152 1167 2217 rerba
1203 2150 1241 2214 da

175 2261 327 2325 mercibus
348 2252 480 2324 odoratis
503 2259 541 2323 ab
557 2259 679 2323 Arabiae
693 2259 806 2324 finibus
827 2281 882 2343 per
903 2261 1089 2345 propinquos
1109 2257 1240 2339 populos

175 2366 257 2430 ultra
276 2365 422 2451 portatis:
446 2361 679 2448 διαδεχόμενοι
702 2356 732 2428 δ’
754 2368 786 2428 οἱ
804 2362 970 2452 σύνεγγυς
985 2359 1037 2431 cici
1051 2359 1091 2428 coi
1116 2361 1238 2448 populu

175 2484 246 2544 τοῖς
278 2466 363 2552 μεθ’
399 2462 526 2540 αὐτοῦς
567 2468 682 2551 (editur
716 2463 792 2554 μετ’
832 2464 973 2555 αὐτούς)
1011 2463 1239 2554 παραδιδόασι

174 2583 270 2664 μέχρι
294 2577 421 2662 Συρίας
449 2578 503 2641 καὶ
532 2576 821 2661 Μεσοποταμίας,
851 2596 919 2659 quae
946 2578 1110 2643 manifesto
1137 2578 1239 2651 trans·

173 2683 297 2748 ferenda
318 2683 352 2777 ot
371 2681 510 2765 ponenda
530 2681 611 2746 infra
631 2683 705 2747 sunt
725 2684 797 2764 post
818 2701 854 2746 ea
868 2684 971 2761 verba,
993 2684 1103 2766 quibus
1121 2700 1240 2748 meroes
1264 2718 1267 2723 ·

174 2790 221 2871 ab„
234 2789 309 2871 ipsis
332 2789 486 2853 Arabibus
504 2789 638 2870 portatae
659 2774 882 2867 describuntur,
895 2790 964 2865 ,hoc
986 2791 1049 2866 eug
1067 2788 1148 2870 post'
1162 2788 1239 2872 dap-

167 2895 331 2982 paor'aocg
354 2895 497 2968 πλοίοις.
542 2894 634 2978 Apud
646 2895 776 2960 eundem
788 2895 874 2978 le.
891 2895 951 2959 502
968 2914 1013 2978 sq.
1028 2894 1073 2960 sic
1095 2895 1240 2960 scribitur

174 3001 224 3081 (de
238 2988 423 3066 Albanis'ad
439 3000 640 3085 Caucasum:
666 2987 867 3087 Θηροστιιιοὶ
891 3002 926 3067 δὲ
942 3003 995 3067 ιιαλ
1011 2995 1111 3067 αὐτοὶ
1128 3002 1184 3068 act
1206 3005 1244 3067 ολ·

176 3101 273 3181 κύνες
296 3099 410 3173 αὐτῶν
423 3104 472 3179 εἷς
494 3101 707 3193 ὑπερβολήν,
731 3102 773 3173 σύ
787 3109 886 3197 τέχνῃ
900 3110 1034 3191 μᾶλλον
1056 3102 1080 3192 ἢ
1102 3107 1238 3197 σπουδῇ

38 3226 41 3231 ’
174 3204 216 3300 σῇ
240 3213 318 3295 περὶ
340 3211 454 3279 τοῦτο.
494 3215 698 3298 Διαφέροσσι
722 3216 756 3280 δὲ
778 3216 888 3280 καὶ·σὶ
902 3217 1064 3299 βασιλεῖς.
1098 3215 1239 3298 Apparet

173 3320 251 3386 illud
280 3321 317 3384 de
339 3321 403 3384 arte
434 3322 466 3385 et
496 3319 597 3385 studio
619 3321 651 3384 iu
673 3322 798 3387 canibus
825 3321 937 3386 saltem
959 3340 1020 3387 nou
1049 3322 1132 3386 recte
1154 3321 1238 3404 poni,

174 3427 211 3491 de
238 3426 360 3511 regibus
394 3427 497 3491 autem
524 3426 617 3492 nimis
644 3427 763 3492 infinite
788 3427 857 3505 dici,
880 3428 1035 3492 abundare
1057 3427 1169 3515 etiam,
1203 3428 1238 3491 ut

172 3534 262 3625 nuuc·
278 3533 382 3599 oratio
415 3532 521 3610 habet,
557 3533 600 3619 τῇ
633 3535 711 3618 περὶ
740 3535 852 3600 τοῦτο.
901 3533 1010 3599 Strabo
1042 3533 1107 3596 sine
1143 3531 1236 3599 dubio

173 3638 354 3727 scripserat:
384 3642 531 3711 ..,-at’c
565 3632 776 3733 ὑπερβολήν.
825 3643 1028 3735 Διαφέροασι
1059 3638 1091 3704 dt
1120 3640 1175 3705 aci
1204 3644 1237 3705 οἱ

171 3748 326 3833 βασιλεῖς
362 3739 404 3813 σοι’
433 3750 531 3835 τέχνῃ
556 3745 689 3830 μᾶλλον
717 3739 740 3831 ἢ
776 3745 910 3834 οποαιλῄ
939 3746 981 3834 τῇ
1011 3747 1088 3830 περὶ
1121 3745 1235 3811 σοῦτο.

171 3853 352 3919 libertinis
385 3853 468 3938 apud
501 3851 638 3918 Hirtium
671 3853 749 3934 (sive
781 3851 859 3918 alius
896 3853 944 3916 est
983 3853 1126 3935 scriptor)
1161 3851 1236 3918 belli

171 3958 370 4025 Alexandrini
392 3980 419 4047 c.
441 3961 480 4023 72
498 3959 585 4037 Zela,
606 3957 714 4042 oppido
731 3958 831 4036 Ponti,
853 3958 1042 4023 circumiecti
1063 3959 1156 4024 colles
1181 3958 1235 4022 de-

173 4068 359 4135 scribuntur:
389 4085 544 4150 quorum
573 4063 817 4131 editissimus
844 4082 956 4141 unus,
985 4065 1048 4146 qui
1075 4065 1235 4146 propter
