2580 4530
586 254 648 312 Lib.
664 257 698 314 Υ.
1064 255 1125 319 723

110 458 247 528 bendum
285 459 350 524 est:
400 463 464 544 ἔχει
501 451 566 543 yu'p
602 453 815 540 Θουκυδίδης
848 458 913 542 μὲν
948 461 985 523 ἐν
1023 450 1169 546 τετάρτῃ

109 561 240 651 [ἕκτης
273 566 353 647 (baec
374 563 434 630 duo
455 563 488 628 in
515 560 668 627 codicibus
694 561 826 626 conflata
855 562 888 626 in
922 555 1042 649 α’ρκτηι
1076 584 1170 648 supro

108 673 223 756 scripto
245 672 276 736 in
299 669 373 736 Uro.
396 671 451 757 χὴ)
487 669 549 753 τῆς
575 667 725 754 Θρᾳκίας
757 660 902 753 μνήμην
944 668 998 736 καλ
1031 672 1102 736 τῶν
1134 676 1171 737 ἐν

108 774 200 869 αὐτῇ
223 781 386 862 κειμένων
408 768 558 850 πόλεων,
587 768 631 847 <ic
650 775 803 841 oluoc'ow
825 770 1004 861 ἅνθρωποι
1029 777 1171 867 δίγλωτ-

114 906 183 953 τοι·
217 885 295 968 περὶ
323 885 356 949 δὲ
380 886 441 950 τοῦ
464 882 693 968 Πελασγικοῦ,
704 887 830 954 ἔθνους
852 876 909 947 dds
932 875 951 948 o‘
974 876 1086 972 λόγος·
1119 888 1171 952 ε”νι

109 995 149 1060 δέ
169 1020 202 1059 τι
227 1017 255 1058 κ.
272 1016 300 1056 τ.
318 993 347 1055 λ.
381 989 538 1057 Particula
560 991 625 1073 μὲν
644 987 775 1053 refertur
795 988 833 1052 ad
854 988 897 1067 id,
920 987 1000 1073 duod
1020 993 1171 1075 sequitur:

112 1102 283 1185 Σοφοκλεῖ
306 1099 349 1164 δέ.
388 1096 477 1176 Quod
497 1095 530 1159 in
552 1095 705 1160 codicibus
727 1096 799 1159 ante
816 1095 1029 1179 Θουκυδίδης
1050 1097 1173 1164 additur

115 1207 194 1289 περὶ
218 1197 341 1281 αὐτῶν,
364 1202 554 1284 adscriptum
576 1203 624 1266 est
645 1200 684 1265 ab
705 1201 817 1285 aliquo,
839 1202 891 1284 qui
912 1221 973 1267 non
989 1203 1173 1285 attenderat

110 1313 250 1396 primum
275 1309 427 1379 ,universe
461 1308 598 1386 iudicari,
635 1324 726 1390 quam
758 1307 951 1373 occasionem
979 1309 1173 1393 Thucydides

113 1414 259 1482 babuerit
293 1416 492 1500 Pelasgorum
527 1411 881 1489 commemorandum,
922 1415 989 1479 bum
1023 1415 1173 1500 subiungi,

110 1523 246 1608 quidde
270 1522 308 1586 iis
330 1521 448 1585 ffirerit.
456 1521 480 1599 ¹)

213 1627 247 1693 (λ.
271 1628 310 1689 29
343 1626 557 1694 scribendum:
595 1623 704 1689 ccciccc
736 1620 953 1711 θαυμάσειεν
975 1623 1020 1692 ἄν
1043 1653 1106 1704 τις,
1142 1631 1173 1694 εἰ

115 1737 326 1806 Πλακιανοῖς
362 1736 428 1817 μὲν
459 1782 465 1795 .
502 1785 510 1799 .
544 1780 552 1796 .
590 1724 717 1815 ὄμοιάυ
750 1726 927 1800 διάλεκτον
960 1734 1051 1821 εἶχον
1087 1782 1095 1800 .
1122 1784 1129 1799 .
1153 1781 1174 1811 .,

122 1844 311 1925 Τυρρηνοῖς
333 1840 366 1915 di·
391 1888 398 1904 .
424 1887 431 1902 .
456 1888 463 1904 .
487 1838 595 1922 μηιλλν
620 1832 760 1923 ὁμοιάν·
785 1843 816 1904 εἰ
837 1834 902 1925 γαρ
927 1866 953 1905 κ.
978 1868 1007 1907 τ.
1030 1845 1058 1907 λ.
1108 1841 1175 1906 Re·

114 1966 249 2032 pugoare
270 1948 336 2012 baec
358 1944 524 2030 Dionysius
546 1943 622 2009 dicit
643 1946 675 2010 et
701 1963 737 2010 er
764 1963 799 2010 eo
828 1947 981 2014 concludit
1002 1948 1174 2034 Tyrrhenos

115 2051 261 2138 Pelasgos
288 2072 348 2118 non
376 2070 455 2117 esse.
504 2049 632 2117 Prorsus
660 2052 760 2118 aliem
788 2052 827 2117 ab
856 2053 914 2118 loci
940 2054 1094 2120 sententia
1120 2055 1169 2120 est

116 2160 213 2225 altera
241 2156 490 2242 interrogationis
517 2157 633 2238 forma,
661 2158 740 2223 nihil
763 2159 795 2223 in
821 2158 869 2224 his
898 2159 968 2224 miri
990 2178 1056 2225 esse
1079 2159 1176 2244 signi·

114 2265 208 2331 ficans
231 2268 285 2330 aut
306 2265 386 2348 quod
408 2265 566 2347 repugnet.

216 2372 248 2438 G.
271 2373 311 2434 30
340 2369 512 2436 tollendum
543 2370 605 2456 γῆς
635 2373 712 2454 post
742 2368 1001 2458 μητροπόλεως,
1032 2373 1174 2443 aluum

113 2477 297 2560 abaliquo,
331 2477 384 2561 qui
403 2469 618 2562 μητρόπολιν
644 2478 674 2545 b.
696 2479 718 2544 l.
740 2478 881 2544 universe
905 2478 1083 2561 deponis,
1117 2495 1178 2543 non

114 2584 234 2666 proprie
256 2582 293 2647 de
322 2584 396 2648 urbe
429 2583 529 2665 patria
554 2582 617 2647 dici
643 2583 878 2668 significandum
909 2584 1037 2668 putavit.
1081 2584 1177 2649 Paulo

113 2691 185 2769 post
219 2707 272 2772 pro
309 2680 546 2755 κινδυνεύουσι
583 2681 647 2776 γάρ
683 2689 879 2756 scribendum
919 2685 1177 2758 κινδυνεύουσιν

113 2789 205 2877 ἄρα.
229 2794 382 2871 (Reiskius
404 2795 513 2880 γοῦν.)

217 2898 249 2964 C.
273 2901 311 2962 31
337 2919 353 2965 e
375 2900 513 2964 codicum
540 2901 705 2984 scriptura:
741 2900 840 2966 ιλυσλν
867 2896 1017 2975 α’λτικοῖς
1043 2894 1179 2985 σληριό-

117 3029 227 3089 μασιν
249 3006 330 3071 effici
353 3002 444 3073 debeb
467 3006 495 3072 ιλ.
517 3000 735 3091 α’λητικοῑς
758 3007 815 3071 ari..
851 3006 1022 3073 Piscatoria
1043 3000 1178 3094 πληρώ-

116 3136 212 3196 ματα
248 3113 333 3176 nulla
368 3115 440 3178 sunt
475 3131 531 3176 nec
562 3113 734 3195 piscatoriis
767 3112 888 3196 scaphis
920 3113 1058 3180 Arcades
1093 3133 1179 3180 mare

120 3219 269 3283 transisse
290 3218 454 3303 Dionysius
485 3218 678 3302 significavit
730 3217 811 3283 Tum
843 3218 1007 3284 delendum
1039 3225 1076 3286 ἐν
1108 3223 1180 3285 ante

121 3321 183 3405 οἷς,
205 3326 306 3390 ortum
328 3344 365 3389 er
384 3324 503 3389 ultimis
526 3324 639 3389 litteris
662 3325 803 3391 vocabuli
826 3320 1063 3410 πληρώμασιν.

219 3431 256 3497 (l.
281 3433 320 3492 41
343 3434 409 3496 tam
432 3433 572 3513 apertum
600 3433 648 3496 est
675 3431 767 3496 scribi
801 3431 928 3498 debere:
964 3429 1112 3518 Ἕλλησί
1142 3456 1180 3497 τε

118 3647 317 3664 ——u—

154 3796 175 3866 ¹)
194 3795 224 3851 C.
243 3800 277 3854 29
295 3799 368 3852 recte
387 3797 453 3854 urb.
471 3798 616 3870 ὀνομάτων
634 3841 642 3857 .
662 3841 670 3858 .
689 3841 696 3856 .
716 3799 879 3874 ἐπαλλαγὴν,
907 3801 978 3856 unde
996 3803 1085 3858 ortum
1103 3797 1185 3877 ἕκαλ-

191 3887 284 3958 λαμῐν.
322 3890 496 3962 Significatur
514 3897 608 3949 mutua
631 3894 792 3964 permutatio
817 3898 846 3952 et
870 3894 1026 3966 permixtio,
1049 3911 1105 3952 non
1121 3906 1153 3951 Ι

191 3982 269 4046 tutio,
288 3984 450 4056 μεταλλαγαὶ.

938 4074 988 4116 μ.
