<?xml version="1.0" encoding="UTF-8"?>
<!DOCTYPE html PUBLIC "-//W3C//DTD XHTML 1.0 Transitional//EN"
    "http://www.w3.org/TR/xhtml1/DTD/xhtml1-transitional.dtd">
<html xmlns="http://www.w3.org/1999/xhtml" xml:lang="en" lang="en">
 <head>
  <title>
</title>
<meta http-equiv="Content-Type" content="text/html;charset=utf-8" />
  <meta name='ocr-system' content='tesseract 3.04.00' />
  <meta name='ocr-capabilities' content='ocr_page ocr_carea ocr_par ocr_line ocrx_word'/>
</head>
<body>
  <div class='ocr_page' id='page_1' title='image "./adversariacriti00madvgoog_0416.png"; bbox 0 0 2580 4530; ppageno 0'>
   <div class='ocr_carea' id='block_1_1' title="bbox 588 246 1136 345">
    <p class='ocr_par' dir='ltr' id='par_1_1' title="bbox 588 246 1136 345">
     <span class='ocr_line' id='line_1_1' title="bbox 588 246 1136 345; baseline 0.009 -41"><span class='ocrx_word' id='word_1_1' title='bbox 588 247 719 345; x_wconf 70' lang='lat' dir='ltr'>coru</span> <span class='ocrx_word' id='word_1_2' title='bbox 1075 246 1136 316; x_wconf 82' lang='lat' dir='ltr'>eor</span> 
     </span>
    </p>
   </div>
   <div class='ocr_carea' id='block_1_2' title="bbox 106 441 1180 3080">
    <p class='ocr_par' dir='ltr' id='par_1_2' title="bbox 115 441 1180 1384">
     <span class='ocr_line' id='line_1_2' title="bbox 218 441 1180 535; baseline 0.002 -22"><span class='ocrx_word' id='word_1_3' title='bbox 218 447 287 513; x_wconf 83' lang='lat' dir='ltr'>Ibd.</span> <span class='ocrx_word' id='word_1_4' title='bbox 309 469 339 532; x_wconf 89' lang='lat' dir='ltr'>p.</span> <span class='ocrx_word' id='word_1_5' title='bbox 356 447 471 513; x_wconf 74' lang='lat' dir='ltr'>212b:</span> <span class='ocrx_word' id='word_1_6' title='bbox 498 453 552 513; x_wconf 84' lang='grc' dir='ltr'>ἵνα</span> <span class='ocrx_word' id='word_1_7' title='bbox 577 441 645 512; x_wconf 84' lang='grc' dir='ltr'>οἷπό</span> <span class='ocrx_word' id='word_1_8' title='bbox 670 447 732 535; x_wconf 82' lang='grc' dir='ltr'>σῆς</span> <span class='ocrx_word' id='word_1_9' title='bbox 754 447 839 532; x_wconf 73' lang='grc' dir='ltr'><em>ἐμῆς</em></span> <span class='ocrx_word' id='word_1_10' title='bbox 861 442 1010 533; x_wconf 78' lang='grc' dir='ltr'><em>κεφαλῆς</em></span> <span class='ocrx_word' id='word_1_11' title='bbox 1030 442 1094 531; x_wconf 71' lang='grc' dir='ltr'>τήν</span> <span class='ocrx_word' id='word_1_12' title='bbox 1115 447 1180 515; x_wconf 74' lang='grc' dir='ltr'>σον</span> 
     </span>
     <span class='ocr_line' id='line_1_3' title="bbox 122 547 1176 639; baseline 0 -19"><span class='ocrx_word' id='word_1_13' title='bbox 122 548 321 639; x_wconf 70' lang='grc' dir='ltr'><em>σοφωτάτου</em></span> <span class='ocrx_word' id='word_1_14' title='bbox 349 555 404 620; x_wconf 79' lang='grc' dir='ltr'>καί</span> <span class='ocrx_word' id='word_1_15' title='bbox 434 554 614 621; x_wconf 72' lang='grc' dir='ltr'><strong><em>καλλίστου</em></strong></span> <span class='ocrx_word' id='word_1_16' title='bbox 641 548 804 638; x_wconf 72' lang='grc' dir='ltr'>κεφαλήν,</span> <span class='ocrx_word' id='word_1_17' title='bbox 834 550 894 620; x_wconf 78' lang='grc' dir='ltr'>ἐοίν</span> <span class='ocrx_word' id='word_1_18' title='bbox 923 559 1024 628; x_wconf 84' lang='grc' dir='ltr'>οίπω,</span> <span class='ocrx_word' id='word_1_19' title='bbox 1054 547 1176 621; x_wconf 73' lang='grc' dir='ltr'>οὑτωσὶ</span> 
     </span>
     <span class='ocr_line' id='line_1_4' title="bbox 120 654 1176 744; baseline -0.002 -18"><span class='ocrx_word' id='word_1_20' title='bbox 120 654 288 744; x_wconf 81' lang='grc' dir='ltr'>α’ναδήοω.</span> <span class='ocrx_word' id='word_1_21' title='bbox 335 661 479 744; x_wconf 80' lang='lat' dir='ltr'><strong>Ineptum</strong></span> <span class='ocrx_word' id='word_1_22' title='bbox 510 679 577 727; x_wconf 88' lang='lat' dir='ltr'>esse</span> <span class='ocrx_word' id='word_1_23' title='bbox 606 655 667 726; x_wconf 77' lang='grc' dir='ltr'>ἐσίν</span> <span class='ocrx_word' id='word_1_24' title='bbox 689 664 772 726; x_wconf 82' lang='grc' dir='ltr'>εἴπω</span> <span class='ocrx_word' id='word_1_25' title='bbox 794 663 887 727; x_wconf 89' lang='lat' dir='ltr'>reobe.</span> <span class='ocrx_word' id='word_1_26' title='bbox 900 660 1093 725; x_wconf 72' lang='lat' dir='ltr'>intellectum</span> <span class='ocrx_word' id='word_1_27' title='bbox 1112 661 1176 737; x_wconf 77' lang='lat' dir='ltr'>est3</span> 
     </span>
     <span class='ocr_line' id='line_1_5' title="bbox 117 765 1178 855; baseline -0.002 -21"><span class='ocrx_word' id='word_1_28' title='bbox 117 768 182 845; x_wconf 84' lang='lat' dir='ltr'>sed,</span> <span class='ocrx_word' id='word_1_29' title='bbox 220 767 301 851; x_wconf 80' lang='lat' dir='ltr'>quod</span> <span class='ocrx_word' id='word_1_30' title='bbox 332 785 349 832; x_wconf 89' lang='lat' dir='ltr'>e</span> <span class='ocrx_word' id='word_1_31' title='bbox 376 765 623 833; x_wconf 83' lang='lat' dir='ltr'>Wiuckelmenni</span> <span class='ocrx_word' id='word_1_32' title='bbox 656 767 830 855; x_wconf 83' lang='lat' dir='ltr'>copiccburu</span> <span class='ocrx_word' id='word_1_33' title='bbox 856 766 1049 831; x_wconf 87' lang='lat' dir='ltr'>Hermannus</span> <span class='ocrx_word' id='word_1_34' title='bbox 1082 765 1178 833; x_wconf 73' lang='lat' dir='ltr'>edidit</span> 
     </span>
     <span class='ocr_line' id='line_1_6' title="bbox 117 863 1176 962; baseline -0.005 -21"><span class='ocrx_word' id='word_1_35' title='bbox 117 869 270 962; x_wconf 75' lang='grc' dir='ltr'><em>κεφαλήν</em></span> <span class='ocrx_word' id='word_1_36' title='bbox 285 866 587 951; x_wconf 57' lang='lat' dir='ltr'>corroboremur,</span> <span class='ocrx_word' id='word_1_37' title='bbox 611 890 708 955; x_wconf 83' lang='lat' dir='ltr'>neque</span> <span class='ocrx_word' id='word_1_38' title='bbox 729 866 886 945; x_wconf 80' lang='grc' dir='ltr'><em>οἷνσιποῖν</em></span> <span class='ocrx_word' id='word_1_39' title='bbox 902 863 1051 956; x_wconf 75' lang='grc' dir='ltr'><em>κεφαλήν</em></span> <span class='ocrx_word' id='word_1_40' title='bbox 1064 871 1176 936; x_wconf 75' lang='lat' dir='ltr'>boletu-</span> 
     </span>
     <span class='ocr_line' id='line_1_7' title="bbox 116 977 1177 1061; baseline -0.008 -13"><span class='ocrx_word' id='word_1_41' title='bbox 116 982 218 1048; x_wconf 80' lang='lat' dir='ltr'>biliter</span> <span class='ocrx_word' id='word_1_42' title='bbox 240 980 353 1046; x_wconf 79' lang='lat' dir='ltr'>dicitur</span> <span class='ocrx_word' id='word_1_43' title='bbox 373 996 473 1061; x_wconf 90' lang='lat' dir='ltr'>neque</span> <span class='ocrx_word' id='word_1_44' title='bbox 491 979 550 1043; x_wconf 92' lang='lat' dir='ltr'>boc</span> <span class='ocrx_word' id='word_1_45' title='bbox 566 980 715 1061; x_wconf 79' lang='lat' dir='ltr'>tanquam</span> <span class='ocrx_word' id='word_1_46' title='bbox 734 978 869 1044; x_wconf 83' lang='lat' dir='ltr'>condicio</span> <span class='ocrx_word' id='word_1_47' title='bbox 890 977 963 1060; x_wconf 88' lang='lat' dir='ltr'>poni</span> <span class='ocrx_word' id='word_1_48' title='bbox 983 978 1096 1059; x_wconf 85' lang='lat' dir='ltr'>pobesb,</span> <span class='ocrx_word' id='word_1_49' title='bbox 1118 995 1177 1060; x_wconf 85' lang='lat' dir='ltr'>qua</span> 
     </span>
     <span class='ocr_line' id='line_1_8' title="bbox 116 1073 1173 1171; baseline -0.006 -19"><span class='ocrx_word' id='word_1_50' title='bbox 116 1087 238 1165; x_wconf 77' lang='lat' dir='ltr'>effecte,</span> <span class='ocrx_word' id='word_1_51' title='bbox 294 1087 362 1151; x_wconf 87' lang='lat' dir='ltr'>bum</span> <span class='ocrx_word' id='word_1_52' title='bbox 406 1083 531 1171; x_wconf 68' lang='lat' dir='ltr'>demum</span> <span class='ocrx_word' id='word_1_53' title='bbox 584 1079 741 1163; x_wconf 48' lang='grc' dir='ltr'>(οὑτωσί),</span> <span class='ocrx_word' id='word_1_54' title='bbox 777 1084 952 1149; x_wconf 80' lang='lat' dir='ltr'><strong>Alcibiades</strong></span> <span class='ocrx_word' id='word_1_55' title='bbox 1000 1073 1173 1166; x_wconf 77' lang='grc' dir='ltr'>σίναδήσοι.</span> 
     </span>
     <span class='ocr_line' id='line_1_9' title="bbox 115 1185 1177 1280; baseline -0.006 -21"><span class='ocrx_word' id='word_1_56' title='bbox 115 1192 335 1275; x_wconf 74' lang='lat' dir='ltr'>Scribendum:</span> <span class='ocrx_word' id='word_1_57' title='bbox 364 1185 425 1255; x_wconf 78' lang='grc' dir='ltr'>ἐιίν</span> <span class='ocrx_word' id='word_1_58' title='bbox 448 1191 581 1266; x_wconf 81' lang='grc' dir='ltr'><strong><em>εἰσίω,</em></strong></span> <span class='ocrx_word' id='word_1_59' title='bbox 605 1185 736 1280; x_wconf 73' lang='grc' dir='ltr'>οοίσωσί.</span> <span class='ocrx_word' id='word_1_60' title='bbox 781 1190 841 1259; x_wconf 83' lang='lat' dir='ltr'>Cfr.</span> <span class='ocrx_word' id='word_1_61' title='bbox 863 1209 948 1255; x_wconf 81' lang='lat' dir='ltr'>mox:</span> <span class='ocrx_word' id='word_1_62' title='bbox 980 1190 1035 1255; x_wconf 76' lang='grc' dir='ltr'>ἐπὶ</span> <span class='ocrx_word' id='word_1_63' title='bbox 1064 1192 1177 1274; x_wconf 65' lang='lat' dir='ltr'>(boreis</span> 
     </span>
     <span class='ocr_line' id='line_1_10' title="bbox 115 1289 344 1384; baseline -0.009 -19"><span class='ocrx_word' id='word_1_64' title='bbox 115 1300 205 1366; x_wconf 78' lang='grc' dir='ltr'>οίοίω</span> <span class='ocrx_word' id='word_1_65' title='bbox 228 1293 251 1384; x_wconf 81' lang='grc' dir='ltr'><em>ἢ</em></span> <span class='ocrx_word' id='word_1_66' title='bbox 273 1289 324 1382; x_wconf 82' lang='grc' dir='ltr'>μή</span> <span class='ocrx_word' id='word_1_67' title='bbox 332 1323 344 1376; x_wconf 85' lang='lat'><em>3</em></span> 
     </span>
    </p>

    <p class='ocr_par' dir='ltr' id='par_1_3' title="bbox 113 1401 1176 1911">
     <span class='ocr_line' id='line_1_11' title="bbox 213 1401 1176 1489; baseline -0.003 -20"><span class='ocrx_word' id='word_1_68' title='bbox 213 1404 283 1469; x_wconf 87' lang='lat' dir='ltr'>Ibd.</span> <span class='ocrx_word' id='word_1_69' title='bbox 304 1424 333 1487; x_wconf 92' lang='lat' dir='ltr'>p.</span> <span class='ocrx_word' id='word_1_70' title='bbox 359 1403 419 1464; x_wconf 78' lang='lat'>216</span> <span class='ocrx_word' id='word_1_71' title='bbox 440 1402 466 1466; x_wconf 79' lang='grc' dir='ltr'><strong>Ε</strong></span> <span class='ocrx_word' id='word_1_72' title='bbox 496 1403 678 1485; x_wconf 75' lang='lat' dir='ltr'>simpliciter</span> <span class='ocrx_word' id='word_1_73' title='bbox 700 1423 717 1468; x_wconf 90' lang='lat' dir='ltr'>e</span> <span class='ocrx_word' id='word_1_74' title='bbox 739 1402 894 1468; x_wconf 74' lang='lat' dir='ltr'>codicibus</span> <span class='ocrx_word' id='word_1_75' title='bbox 914 1401 1091 1489; x_wconf 82' lang='lat' dir='ltr'>recipienda</span> <span class='ocrx_word' id='word_1_76' title='bbox 1111 1401 1176 1466; x_wconf 84' lang='lat' dir='ltr'>haec</span> 
     </span>
     <span class='ocr_line' id='line_1_12' title="bbox 114 1501 1172 1599; baseline -0.005 -22"><span class='ocrx_word' id='word_1_77' title='bbox 114 1512 266 1595; x_wconf 74' lang='lat' dir='ltr'>scriptura</span> <span class='ocrx_word' id='word_1_78' title='bbox 288 1510 351 1575; x_wconf 82' lang='lat' dir='ltr'>est:</span> <span class='ocrx_word' id='word_1_79' title='bbox 373 1503 505 1595; x_wconf 74' lang='grc' dir='ltr'>ἡγεῖται</span> <span class='ocrx_word' id='word_1_80' title='bbox 529 1503 696 1594; x_wconf 52' lang='grc' dir='ltr'><em>..ῥῆμᾶς</em></span> <span class='ocrx_word' id='word_1_81' title='bbox 719 1503 819 1575; x_wconf 71' lang='grc' dir='ltr'><em>οὐδὲν</em></span> <span class='ocrx_word' id='word_1_82' title='bbox 839 1509 925 1574; x_wconf 81' lang='grc' dir='ltr'><em>εἶναι</em></span> <span class='ocrx_word' id='word_1_83' title='bbox 948 1511 1041 1599; x_wconf 66' lang='grc' dir='ltr'>(λίνω</span> <span class='ocrx_word' id='word_1_84' title='bbox 1063 1501 1172 1590; x_wconf 74' lang='grc' dir='ltr'><em>ὑμῖν),</em></span> 
     </span>
     <span class='ocr_line' id='line_1_13' title="bbox 114 1609 1175 1702; baseline -0.004 -19"><span class='ocrx_word' id='word_1_85' title='bbox 114 1609 380 1702; x_wconf 76' lang='grc' dir='ltr'><em>εἰρωνευόμενος</em></span> <span class='ocrx_word' id='word_1_86' title='bbox 402 1615 443 1681; x_wconf 71' lang='lat' dir='ltr'>bb</span> <span class='ocrx_word' id='word_1_87' title='bbox 459 1617 513 1680; x_wconf 81' lang='grc' dir='ltr'>καὶ</span> <span class='ocrx_word' id='word_1_88' title='bbox 541 1616 670 1694; x_wconf 82' lang='grc' dir='ltr'><strong><em>παίζων</em></strong></span> <span class='ocrx_word' id='word_1_89' title='bbox 691 1663 699 1678; x_wconf 90' lang='grc'><strong>.</strong></span> <span class='ocrx_word' id='word_1_90' title='bbox 724 1664 731 1680; x_wconf 92' lang='grc'><strong><em>.</em></strong></span> <span class='ocrx_word' id='word_1_91' title='bbox 757 1668 763 1681; x_wconf 93' lang='grc'><strong>.</strong></span> <span class='ocrx_word' id='word_1_92' title='bbox 788 1615 943 1681; x_wconf 78' lang='grc' dir='ltr'><strong><em>διατελεῖ.</em></strong></span> <span class='ocrx_word' id='word_1_93' title='bbox 998 1613 1067 1679; x_wconf 77' lang='lat' dir='ltr'>Hoc</span> <span class='ocrx_word' id='word_1_94' title='bbox 1094 1614 1175 1679; x_wconf 79' lang='lat' dir='ltr'>enim</span> 
     </span>
     <span class='ocr_line' id='line_1_14' title="bbox 114 1721 1175 1808; baseline -0.006 -20"><span class='ocrx_word' id='word_1_95' title='bbox 114 1724 345 1808; x_wconf 77' lang='grc' dir='ltr'>πορσοτίθησι</span> <span class='ocrx_word' id='word_1_96' title='bbox 383 1721 575 1803; x_wconf 79' lang='lat' dir='ltr'>Alcibiades:</span> <span class='ocrx_word' id='word_1_97' title='bbox 626 1722 707 1805; x_wconf 86' lang='lat' dir='ltr'>(dico</span> <span class='ocrx_word' id='word_1_98' title='bbox 746 1721 830 1788; x_wconf 90' lang='lat' dir='ltr'>vobis</span> <span class='ocrx_word' id='word_1_99' title='bbox 870 1722 1098 1803; x_wconf 72' lang='lat' dir='ltr'>remensoque,</span> <span class='ocrx_word' id='word_1_100' title='bbox 1136 1737 1175 1783; x_wconf 89' lang='lat' dir='ltr'>ne</span> 
     </span>
     <span class='ocr_line' id='line_1_15' title="bbox 113 1827 764 1911; baseline -0.008 -17"><span class='ocrx_word' id='word_1_101' title='bbox 113 1830 259 1911; x_wconf 80' lang='lat' dir='ltr'>ignoretis</span> <span class='ocrx_word' id='word_1_102' title='bbox 282 1832 315 1894; x_wconf 86' lang='lat' dir='ltr'>eb</span> <span class='ocrx_word' id='word_1_103' title='bbox 335 1827 414 1893; x_wconf 82' lang='lat' dir='ltr'>falsa</span> <span class='ocrx_word' id='word_1_104' title='bbox 431 1829 570 1911; x_wconf 89' lang='lat' dir='ltr'>opinione</span> <span class='ocrx_word' id='word_1_105' title='bbox 591 1828 764 1904; x_wconf 85' lang='lat' dir='ltr'>ludamini).</span> 
     </span>
    </p>

    <p class='ocr_par' dir='ltr' id='par_1_4' title="bbox 112 1924 1174 2230">
     <span class='ocr_line' id='line_1_16' title="bbox 143 1924 1174 2017; baseline -0.005 -18"><span class='ocrx_word' id='word_1_106' title='bbox 143 2000 146 2004; x_wconf 82' lang='grc'><strong>,</strong></span> <span class='ocrx_word' id='word_1_107' title='bbox 211 1932 280 2000; x_wconf 84' lang='lat' dir='ltr'>Ibd.</span> <span class='ocrx_word' id='word_1_108' title='bbox 302 1952 333 2014; x_wconf 91' lang='lat' dir='ltr'>p.</span> <span class='ocrx_word' id='word_1_109' title='bbox 356 1934 416 1994; x_wconf 95' lang='grc'>222</span> <span class='ocrx_word' id='word_1_110' title='bbox 439 1933 480 1997; x_wconf 79' lang='lat' dir='ltr'>E:</span> <span class='ocrx_word' id='word_1_111' title='bbox 514 1926 557 1998; x_wconf 82' lang='grc' dir='ltr'>ον’</span> <span class='ocrx_word' id='word_1_112' title='bbox 581 1926 622 2016; x_wconf 80' lang='grc' dir='ltr'>δή</span> <span class='ocrx_word' id='word_1_113' title='bbox 645 1958 715 1999; x_wconf 86' lang='grc' dir='ltr'>πον</span> <span class='ocrx_word' id='word_1_114' title='bbox 738 1937 796 2017; x_wconf 75' lang='grc' dir='ltr'>ἐμὲ</span> <span class='ocrx_word' id='word_1_115' title='bbox 818 1924 923 1996; x_wconf 75' lang='grc' dir='ltr'><em>πάλιν</em></span> <span class='ocrx_word' id='word_1_116' title='bbox 946 1934 1174 2006; x_wconf 71' lang='grc' dir='ltr'>ἐπαινέσεται,</span> 
     </span>
     <span class='ocr_line' id='line_1_17' title="bbox 113 2032 1172 2125; baseline -0.004 -20"><span class='ocrx_word' id='word_1_117' title='bbox 113 2041 200 2124; x_wconf 78' lang='grc' dir='ltr'><em>πρὶν.</em></span> <span class='ocrx_word' id='word_1_118' title='bbox 216 2032 276 2105; x_wconf 73' lang='grc' dir='ltr'>ὑπ’</span> <span class='ocrx_word' id='word_1_119' title='bbox 298 2039 386 2122; x_wconf 80' lang='grc' dir='ltr'><em>ἐμοῦ</em></span> <span class='ocrx_word' id='word_1_120' title='bbox 406 2040 541 2122; x_wconf 74' lang='grc' dir='ltr'><em>μᾶλλον</em></span> <span class='ocrx_word' id='word_1_121' title='bbox 563 2041 803 2125; x_wconf 74' lang='grc' dir='ltr'><em>ἐπαινεθῆναι.</em></span> <span class='ocrx_word' id='word_1_122' title='bbox 851 2038 937 2103; x_wconf 89' lang='lat' dir='ltr'>Nihil</span> <span class='ocrx_word' id='word_1_123' title='bbox 960 2039 1008 2104; x_wconf 74' lang='lat' dir='ltr'>esi</span> <span class='ocrx_word' id='word_1_124' title='bbox 1027 2038 1172 2122; x_wconf 80' lang='grc' dir='ltr'><em>μᾶλλον.</em></span> 
     </span>
     <span class='ocr_line' id='line_1_18' title="bbox 112 2138 1151 2230; baseline -0.003 -19"><span class='ocrx_word' id='word_1_125' title='bbox 112 2145 331 2211; x_wconf 83' lang='lat' dir='ltr'>Scribendum:</span> <span class='ocrx_word' id='word_1_126' title='bbox 354 2147 436 2230; x_wconf 84' lang='grc' dir='ltr'><em>πρὶν</em></span> <span class='ocrx_word' id='word_1_127' title='bbox 456 2138 516 2211; x_wconf 76' lang='grc' dir='ltr'>ὐπ’</span> <span class='ocrx_word' id='word_1_128' title='bbox 538 2146 623 2229; x_wconf 72' lang='grc' dir='ltr'><em>ἐμοῦ</em></span> <span class='ocrx_word' id='word_1_129' title='bbox 646 2142 772 2210; x_wconf 83' lang='grc' dir='ltr'>σ’ίλλον</span> <span class='ocrx_word' id='word_1_130' title='bbox 797 2144 1039 2228; x_wconf 78' lang='grc' dir='ltr'><em>ἐπαινεθῆναι.</em></span> <span class='ocrx_word' id='word_1_131' title='bbox 1144 2194 1151 2215; x_wconf 64' lang='grc'>,</span> 
     </span>
    </p>

    <p class='ocr_par' dir='ltr' id='par_1_5' title="bbox 112 2243 1170 2444">
     <span class='ocr_line' id='line_1_19' title="bbox 212 2243 1170 2338; baseline 0.002 -21"><span class='ocrx_word' id='word_1_132' title='bbox 212 2250 344 2317; x_wconf 73' lang='lat' dir='ltr'>Phaedri</span> <span class='ocrx_word' id='word_1_133' title='bbox 364 2271 394 2334; x_wconf 88' lang='lat' dir='ltr'>p.</span> <span class='ocrx_word' id='word_1_134' title='bbox 420 2253 480 2314; x_wconf 89' lang='grc'>230</span> <span class='ocrx_word' id='word_1_135' title='bbox 505 2252 548 2316; x_wconf 91' lang='lat' dir='ltr'>B:</span> <span class='ocrx_word' id='word_1_136' title='bbox 584 2253 637 2317; x_wconf 79' lang='grc' dir='ltr'>καί</span> <span class='ocrx_word' id='word_1_137' title='bbox 668 2245 712 2324; x_wconf 69' lang='grc' dir='ltr'>οἷς</span> <span class='ocrx_word' id='word_1_138' title='bbox 740 2243 857 2336; x_wconf 75' lang='grc' dir='ltr'><em>οἷκμὴν</em></span> <span class='ocrx_word' id='word_1_139' title='bbox 880 2261 943 2338; x_wconf 81' lang='grc' dir='ltr'><em>ἔχει</em></span> <span class='ocrx_word' id='word_1_140' title='bbox 967 2252 1027 2337; x_wconf 76' lang='grc' dir='ltr'>τῆς</span> <span class='ocrx_word' id='word_1_141' title='bbox 1048 2247 1170 2334; x_wconf 72' lang='grc' dir='ltr'>οίνθης.</span> 
     </span>
     <span class='ocr_line' id='line_1_20' title="bbox 112 2351 764 2444; baseline -0.002 -21"><span class='ocrx_word' id='word_1_142' title='bbox 112 2357 246 2442; x_wconf 82' lang='lat' dir='ltr'>Opinor:</span> <span class='ocrx_word' id='word_1_143' title='bbox 271 2358 326 2422; x_wconf 84' lang='grc' dir='ltr'>καί</span> <span class='ocrx_word' id='word_1_144' title='bbox 347 2383 433 2430; x_wconf 91' lang='grc' dir='ltr'>πως</span> <span class='ocrx_word' id='word_1_145' title='bbox 455 2351 571 2441; x_wconf 72' lang='grc' dir='ltr'><em>οἷνμῆν</em></span> <span class='ocrx_word' id='word_1_146' title='bbox 594 2365 657 2444; x_wconf 74' lang='grc' dir='ltr'><em>ἔχει</em></span> <span class='ocrx_word' id='word_1_147' title='bbox 681 2385 708 2422; x_wconf 82' lang='grc' dir='ltr'>τ.</span> <span class='ocrx_word' id='word_1_148' title='bbox 734 2355 764 2423; x_wconf 80' lang='grc' dir='ltr'>ὀί.</span> 
     </span>
    </p>

    <p class='ocr_par' dir='ltr' id='par_1_6' title="bbox 106 2456 1172 3080">
     <span class='ocr_line' id='line_1_21' title="bbox 212 2456 1172 2555; baseline 0 -27"><span class='ocrx_word' id='word_1_149' title='bbox 212 2464 473 2546; x_wconf 57' lang='grc'>1111112313</span> <span class='ocrx_word' id='word_1_150' title='bbox 526 2464 739 2529; x_wconf 73' lang='lat' dir='ltr'>scribendum:</span> <span class='ocrx_word' id='word_1_151' title='bbox 777 2466 829 2530; x_wconf 82' lang='grc' dir='ltr'>καί</span> <span class='ocrx_word' id='word_1_152' title='bbox 862 2459 950 2549; x_wconf 77' lang='grc' dir='ltr'><em>ἄλλῳ</em></span> <span class='ocrx_word' id='word_1_153' title='bbox 972 2468 1036 2555; x_wconf 79' lang='grc' dir='ltr'>μὲν</span> <span class='ocrx_word' id='word_1_154' title='bbox 1058 2456 1172 2547; x_wconf 78' lang='grc' dir='ltr'><em>τρόπῳ</em></span> 
     </span>
     <span class='ocr_line' id='line_1_22' title="bbox 113 2564 1171 2655; baseline 0.001 -23"><span class='ocrx_word' id='word_1_155' title='bbox 113 2569 278 2653; x_wconf 75' lang='grc' dir='ltr'><em>διαφορᾶς</em></span> <span class='ocrx_word' id='word_1_156' title='bbox 292 2573 478 2655; x_wconf 72' lang='grc' dir='ltr'><em>γενομένης</em></span> <span class='ocrx_word' id='word_1_157' title='bbox 494 2567 612 2654; x_wconf 72' lang='grc' dir='ltr'><em>κοινήν</em></span> <span class='ocrx_word' id='word_1_158' title='bbox 634 2566 655 2636; x_wconf 78' lang='grc' dir='ltr'>οἳ</span> <span class='ocrx_word' id='word_1_159' title='bbox 663 2597 685 2636; x_wconf 93' lang='grc' dir='ltr'><em>ν</em></span> <span class='ocrx_word' id='word_1_160' title='bbox 706 2566 911 2655; x_wconf 69' lang='grc' dir='ltr'><em>ἀμφοτέροις</em></span> <span class='ocrx_word' id='word_1_161' title='bbox 934 2571 1036 2654; x_wconf 86' lang='lat' dir='ltr'>(vulgo</span> <span class='ocrx_word' id='word_1_162' title='bbox 1055 2564 1171 2653; x_wconf 63' lang='grc' dir='ltr'><em>κοινήν</em></span> 
     </span>
     <span class='ocr_line' id='line_1_23' title="bbox 109 2668 1171 2765; baseline 0.003 -26"><span class='ocrx_word' id='word_1_163' title='bbox 109 2668 211 2759; x_wconf 77' lang='grc' dir='ltr'><em>α’μφ.)</em></span> <span class='ocrx_word' id='word_1_164' title='bbox 235 2677 441 2755; x_wconf 78' lang='grc' dir='ltr'><strong><em>καταστῆναι</em></strong></span> <span class='ocrx_word' id='word_1_165' title='bbox 474 2673 538 2760; x_wconf 75' lang='grc' dir='ltr'>τήν</span> <span class='ocrx_word' id='word_1_166' title='bbox 565 2677 764 2762; x_wconf 84' lang='grc' dir='ltr'>σομφοροίν,</span> <span class='ocrx_word' id='word_1_167' title='bbox 792 2681 985 2765; x_wconf 79' lang='grc' dir='ltr'><em>προσμένον</em></span> <span class='ocrx_word' id='word_1_168' title='bbox 1009 2678 1043 2742; x_wconf 77' lang='grc' dir='ltr'>δέ</span> <span class='ocrx_word' id='word_1_169' title='bbox 1065 2701 1126 2742; x_wconf 91' lang='grc' dir='ltr'>σου</span> <span class='ocrx_word' id='word_1_170' title='bbox 1148 2678 1171 2742; x_wconf 81' lang='grc' dir='ltr'>ὀί</span> 
     </span>
     <span class='ocr_line' id='line_1_24' title="bbox 108 2778 1169 2870; baseline 0.005 -25"><span class='ocrx_word' id='word_1_171' title='bbox 108 2784 185 2865; x_wconf 73' lang='grc' dir='ltr'>περὶ</span> <span class='ocrx_word' id='word_1_172' title='bbox 211 2782 374 2849; x_wconf 82' lang='grc' dir='ltr'>πλσίσσον</span> <span class='ocrx_word' id='word_1_173' title='bbox 396 2797 499 2858; x_wconf 84' lang='grc' dir='ltr'><em>ποιεῖ,</em></span> <span class='ocrx_word' id='word_1_174' title='bbox 521 2778 676 2870; x_wconf 74' lang='grc' dir='ltr'><em>μεγάλην</em></span> <span class='ocrx_word' id='word_1_175' title='bbox 697 2783 741 2850; x_wconf 83' lang='grc' dir='ltr'>σ’ίν</span> <span class='ocrx_word' id='word_1_176' title='bbox 764 2811 815 2852; x_wconf 88' lang='grc' dir='ltr'>σοι</span> <span class='ocrx_word' id='word_1_177' title='bbox 837 2778 975 2870; x_wconf 71' lang='grc' dir='ltr'><em>βλάβην</em></span> <span class='ocrx_word' id='word_1_178' title='bbox 996 2788 1169 2870; x_wconf 74' lang='grc' dir='ltr'><strong><em>γενέσθαι.</em></strong></span> 
     </span>
     <span class='ocr_line' id='line_1_25' title="bbox 106 2887 1170 2976; baseline 0.003 -23"><span class='ocrx_word' id='word_1_179' title='bbox 106 2887 214 2971; x_wconf 82' lang='lat' dir='ltr'>Neque</span> <span class='ocrx_word' id='word_1_180' title='bbox 236 2890 318 2954; x_wconf 89' lang='lat' dir='ltr'>enim</span> <span class='ocrx_word' id='word_1_181' title='bbox 339 2890 402 2955; x_wconf 87' lang='lat' dir='ltr'>ullo</span> <span class='ocrx_word' id='word_1_182' title='bbox 425 2891 516 2956; x_wconf 89' lang='lat' dir='ltr'>modo</span> <span class='ocrx_word' id='word_1_183' title='bbox 538 2891 570 2955; x_wconf 91' lang='lat' dir='ltr'>in</span> <span class='ocrx_word' id='word_1_184' title='bbox 585 2892 719 2956; x_wconf 81' lang='lat' dir='ltr'>orubione</span> <span class='ocrx_word' id='word_1_185' title='bbox 735 2893 780 2957; x_wconf 88' lang='lat' dir='ltr'>sic</span> <span class='ocrx_word' id='word_1_186' title='bbox 793 2912 849 2976; x_wconf 89' lang='lat' dir='ltr'>per</span> <span class='ocrx_word' id='word_1_187' title='bbox 863 2893 927 2974; x_wconf 81' lang='grc' dir='ltr'>μέν</span> <span class='ocrx_word' id='word_1_188' title='bbox 950 2894 981 2956; x_wconf 82' lang='lat' dir='ltr'>eb</span> <span class='ocrx_word' id='word_1_189' title='bbox 1004 2892 1038 2956; x_wconf 78' lang='grc' dir='ltr'>δέ</span> <span class='ocrx_word' id='word_1_190' title='bbox 1053 2891 1170 2974; x_wconf 81' lang='lat' dir='ltr'>disper-</span> 
     </span>
     <span class='ocr_line' id='line_1_26' title="bbox 107 2979 1129 3080; baseline 0.005 -24"><span class='ocrx_word' id='word_1_191' title='bbox 107 2992 165 3057; x_wconf 80' lang='lat' dir='ltr'>uta</span> <span class='ocrx_word' id='word_1_192' title='bbox 185 2989 229 3056; x_wconf 78' lang='grc' dir='ltr'>ἅν</span> <span class='ocrx_word' id='word_1_193' title='bbox 252 3011 287 3056; x_wconf 83' lang='lat' dir='ltr'>ex</span> <span class='ocrx_word' id='word_1_194' title='bbox 307 2993 450 3062; x_wconf 84' lang='lat' dir='ltr'>inferiore</span> <span class='ocrx_word' id='word_1_195' title='bbox 472 2998 608 3062; x_wconf 89' lang='lat' dir='ltr'>membro</span> <span class='ocrx_word' id='word_1_196' title='bbox 631 2998 746 3061; x_wconf 71' lang='lat' dir='ltr'>retrahi</span> <span class='ocrx_word' id='word_1_197' title='bbox 767 2998 806 3062; x_wconf 82' lang='lat' dir='ltr'>cd</span> <span class='ocrx_word' id='word_1_198' title='bbox 827 2999 910 3080; x_wconf 88' lang='lat' dir='ltr'>prius</span> <span class='ocrx_word' id='word_1_199' title='bbox 932 2997 1073 3080; x_wconf 63' lang='lat' dir='ltr'>potesse</span> <span class='ocrx_word' id='word_1_200' title='bbox 1119 2979 1129 3063; x_wconf 60' lang='grc' dir='ltr'><em>ζ</em></span> 
     </span>
    </p>
   </div>
   <div class='ocr_carea' id='block_1_3' title="bbox 136 3162 1169 4166">
    <p class='ocr_par' dir='ltr' id='par_1_7' title="bbox 136 3162 1169 4166">
     <span class='ocr_line' id='line_1_27' title="bbox 136 3162 1169 3233; baseline -0.003 -16"><span class='ocrx_word' id='word_1_201' title='bbox 136 3163 158 3232; x_wconf 89' lang='lat'>¹)</span> <span class='ocrx_word' id='word_1_202' title='bbox 178 3164 210 3218; x_wconf 92' lang='lat' dir='ltr'>P.</span> <span class='ocrx_word' id='word_1_203' title='bbox 230 3163 321 3219; x_wconf 79' lang='lat'>2310</span> <span class='ocrx_word' id='word_1_204' title='bbox 350 3164 465 3233; x_wconf 87' lang='lat' dir='ltr'>exempli</span> <span class='ocrx_word' id='word_1_205' title='bbox 492 3180 571 3218; x_wconf 78' lang='lat' dir='ltr'>causa</span> <span class='ocrx_word' id='word_1_206' title='bbox 597 3164 731 3218; x_wconf 78' lang='lat' dir='ltr'>notandus</span> <span class='ocrx_word' id='word_1_207' title='bbox 758 3163 839 3218; x_wconf 87' lang='lat' dir='ltr'>semel</span> <span class='ocrx_word' id='word_1_208' title='bbox 864 3163 1012 3216; x_wconf 85' lang='lat' dir='ltr'>Hermauni</span> <span class='ocrx_word' id='word_1_209' title='bbox 1038 3177 1110 3215; x_wconf 88' lang='lat' dir='ltr'>error</span> <span class='ocrx_word' id='word_1_210' title='bbox 1140 3162 1169 3215; x_wconf 92' lang='lat' dir='ltr'>in</span> 
     </span>
     <span class='ocr_line' id='line_1_28' title="bbox 175 3254 1168 3325; baseline -0.002 -15"><span class='ocrx_word' id='word_1_211' title='bbox 175 3256 298 3325; x_wconf 76' lang='lat' dir='ltr'>apicibus</span> <span class='ocrx_word' id='word_1_212' title='bbox 318 3255 417 3310; x_wconf 87' lang='lat' dir='ltr'>codicis</span> <span class='ocrx_word' id='word_1_213' title='bbox 435 3255 484 3311; x_wconf 84' lang='lat' dir='ltr'>Ox.</span> <span class='ocrx_word' id='word_1_214' title='bbox 508 3257 591 3310; x_wconf 90' lang='lat' dir='ltr'>nimis</span> <span class='ocrx_word' id='word_1_215' title='bbox 607 3256 743 3311; x_wconf 74' lang='lat' dir='ltr'>herenbis.</span> <span class='ocrx_word' id='word_1_216' title='bbox 784 3255 854 3309; x_wconf 82' lang='lat' dir='ltr'>Nem</span> <span class='ocrx_word' id='word_1_217' title='bbox 873 3256 901 3308; x_wconf 92' lang='lat' dir='ltr'>iu</span> <span class='ocrx_word' id='word_1_218' title='bbox 920 3256 1016 3308; x_wconf 79' lang='lat' dir='ltr'>ceteris</span> <span class='ocrx_word' id='word_1_219' title='bbox 1034 3254 1168 3308; x_wconf 85' lang='lat' dir='ltr'>codicibus</span> 
     </span>
     <span class='ocr_line' id='line_1_29' title="bbox 176 3342 1167 3420; baseline -0.005 -16"><span class='ocrx_word' id='word_1_220' title='bbox 176 3349 304 3404; x_wconf 82' lang='lat' dir='ltr'>scribitur</span> <span class='ocrx_word' id='word_1_221' title='bbox 330 3349 424 3415; x_wconf 81' lang='lat' dir='ltr'>(etiam</span> <span class='ocrx_word' id='word_1_222' title='bbox 449 3349 653 3416; x_wconf 82' lang='lat' dir='ltr'>mediocribus):</span> <span class='ocrx_word' id='word_1_223' title='bbox 681 3351 806 3420; x_wconf 77' lang='grc' dir='ltr'><em>λέγουσιν</em></span> <span class='ocrx_word' id='word_1_224' title='bbox 829 3347 871 3404; x_wconf 79' lang='grc' dir='ltr'>ὅτι</span> <span class='ocrx_word' id='word_1_225' title='bbox 898 3345 964 3402; x_wconf 79' lang='grc' dir='ltr'>ὅσον</span> <span class='ocrx_word' id='word_1_226' title='bbox 993 3342 1027 3401; x_wconf 74' lang='grc' dir='ltr'>σίν</span> <span class='ocrx_word' id='word_1_227' title='bbox 1052 3343 1167 3414; x_wconf 69' lang='grc' dir='ltr'><em>ὕστερον</em></span> 
     </span>
     <span class='ocr_line' id='line_1_30' title="bbox 178 3440 1168 3511; baseline -0.003 -15"><span class='ocrx_word' id='word_1_228' title='bbox 178 3443 345 3511; x_wconf 76' lang='grc' dir='ltr'>ἐσαοθῶσιν,</span> <span class='ocrx_word' id='word_1_229' title='bbox 373 3441 494 3505; x_wconf 77' lang='grc' dir='ltr'>ἐκείνους</span> <span class='ocrx_word' id='word_1_230' title='bbox 517 3441 609 3496; x_wconf 77' lang='grc' dir='ltr'><em>αὐτῶν</em></span> <span class='ocrx_word' id='word_1_231' title='bbox 636 3444 697 3511; x_wconf 70' lang='grc' dir='ltr'>περὶ</span> <span class='ocrx_word' id='word_1_232' title='bbox 723 3447 850 3506; x_wconf 80' lang='grc' dir='ltr'>πλείονος</span> <span class='ocrx_word' id='word_1_233' title='bbox 876 3440 1046 3511; x_wconf 81' lang='grc' dir='ltr'><em>ποιήσονται,</em></span> <span class='ocrx_word' id='word_1_234' title='bbox 1075 3440 1168 3493; x_wconf 65' lang='lat' dir='ltr'>contra</span> 
     </span>
     <span class='ocr_line' id='line_1_31' title="bbox 176 3531 1166 3608; baseline -0.004 -21"><span class='ocrx_word' id='word_1_235' title='bbox 176 3535 348 3595; x_wconf 74' lang='lat' dir='ltr'>senientiam,</span> <span class='ocrx_word' id='word_1_236' title='bbox 372 3551 430 3604; x_wconf 82' lang='lat' dir='ltr'>quae</span> <span class='ocrx_word' id='word_1_237' title='bbox 448 3537 540 3604; x_wconf 77' lang='lat' dir='ltr'>operte</span> <span class='ocrx_word' id='word_1_238' title='bbox 558 3537 679 3604; x_wconf 77' lang='lat' dir='ltr'>postulet</span> <span class='ocrx_word' id='word_1_239' title='bbox 698 3534 784 3597; x_wconf 79' lang='grc' dir='ltr'>ὅσον,</span> <span class='ocrx_word' id='word_1_240' title='bbox 812 3537 842 3590; x_wconf 92' lang='lat' dir='ltr'>in</span> <span class='ocrx_word' id='word_1_241' title='bbox 861 3536 944 3591; x_wconf 85' lang='lat' dir='ltr'>Oxou.</span> <span class='ocrx_word' id='word_1_242' title='bbox 964 3531 1077 3608; x_wconf 78' lang='grc' dir='ltr'>ὅπσοον,</span> <span class='ocrx_word' id='word_1_243' title='bbox 1104 3546 1166 3584; x_wconf 86' lang='grc' dir='ltr'>σοο-</span> 
     </span>
     <span class='ocr_line' id='line_1_32' title="bbox 175 3620 1167 3695; baseline -0.006 -14"><span class='ocrx_word' id='word_1_244' title='bbox 175 3629 270 3681; x_wconf 79' lang='lat' dir='ltr'>trectis</span> <span class='ocrx_word' id='word_1_245' title='bbox 287 3628 316 3681; x_wconf 91' lang='lat' dir='ltr'>in</span> <span class='ocrx_word' id='word_1_246' title='bbox 335 3643 416 3681; x_wconf 82' lang='lat' dir='ltr'>unum</span> <span class='ocrx_word' id='word_1_247' title='bbox 436 3631 467 3681; x_wconf 93' lang='grc' dir='ltr'><strong>Π</strong></span> <span class='ocrx_word' id='word_1_248' title='bbox 480 3628 581 3682; x_wconf 75' lang='lat' dir='ltr'>litteris</span> <span class='ocrx_word' id='word_1_249' title='bbox 606 3633 664 3682; x_wconf 83' lang='lat' dir='ltr'>TI.</span> <span class='ocrx_word' id='word_1_250' title='bbox 707 3629 779 3695; x_wconf 80' lang='lat' dir='ltr'>Quid</span> <span class='ocrx_word' id='word_1_251' title='bbox 797 3626 983 3684; x_wconf 83' lang='lat' dir='ltr'>Hermeuuus?</span> <span class='ocrx_word' id='word_1_252' title='bbox 1020 3625 1072 3679; x_wconf 90' lang='lat' dir='ltr'>Pro</span> <span class='ocrx_word' id='word_1_253' title='bbox 1100 3620 1167 3678; x_wconf 84' lang='grc' dir='ltr'>ὅσον</span> 
     </span>
     <span class='ocr_line' id='line_1_33' title="bbox 175 3716 1166 3792; baseline -0.005 -19"><span class='ocrx_word' id='word_1_254' title='bbox 175 3719 365 3773; x_wconf 82' lang='lat' dir='ltr'>correctionem</span> <span class='ocrx_word' id='word_1_255' title='bbox 384 3721 413 3772; x_wconf 92' lang='lat' dir='ltr'>in</span> <span class='ocrx_word' id='word_1_256' title='bbox 433 3721 546 3789; x_wconf 84' lang='lat' dir='ltr'>reliquis</span> <span class='ocrx_word' id='word_1_257' title='bbox 565 3738 644 3791; x_wconf 83' lang='lat' dir='ltr'>supra</span> <span class='ocrx_word' id='word_1_258' title='bbox 665 3722 790 3792; x_wconf 78' lang='lat' dir='ltr'>scriptam</span> <span class='ocrx_word' id='word_1_259' title='bbox 809 3721 905 3792; x_wconf 80' lang='grc' dir='ltr'>(ὅσον)</span> <span class='ocrx_word' id='word_1_260' title='bbox 924 3719 1052 3789; x_wconf 83' lang='lat' dir='ltr'>sequitur,</span> <span class='ocrx_word' id='word_1_261' title='bbox 1072 3716 1117 3770; x_wconf 88' lang='lat' dir='ltr'>sed</span> <span class='ocrx_word' id='word_1_262' title='bbox 1135 3731 1166 3769; x_wconf 83' lang='lat' dir='ltr'>eu</span> 
     </span>
     <span class='ocr_line' id='line_1_34' title="bbox 175 3809 1166 3885; baseline -0.004 -20"><span class='ocrx_word' id='word_1_263' title='bbox 175 3813 225 3866; x_wconf 91' lang='lat' dir='ltr'>illo</span> <span class='ocrx_word' id='word_1_264' title='bbox 243 3813 272 3866; x_wconf 92' lang='lat' dir='ltr'>in</span> <span class='ocrx_word' id='word_1_265' title='bbox 292 3810 341 3866; x_wconf 80' lang='lat'>01.</span> <span class='ocrx_word' id='word_1_266' title='bbox 362 3810 399 3866; x_wconf 82' lang='grc' dir='ltr'>ὁπ</span> <span class='ocrx_word' id='word_1_267' title='bbox 418 3812 502 3866; x_wconf 84' lang='lat' dir='ltr'>efficit</span> <span class='ocrx_word' id='word_1_268' title='bbox 521 3815 552 3868; x_wconf 80' lang='grc' dir='ltr'>οἴ</span> <span class='ocrx_word' id='word_1_269' title='bbox 565 3813 596 3885; x_wconf 62' lang='grc' dir='ltr'>ν’,</span> <span class='ocrx_word' id='word_1_270' title='bbox 624 3815 795 3884; x_wconf 76' lang='lat' dir='ltr'>pessumdato</span> <span class='ocrx_word' id='word_1_271' title='bbox 819 3813 966 3874; x_wconf 80' lang='lat' dir='ltr'>sententie,</span> <span class='ocrx_word' id='word_1_272' title='bbox 997 3827 1055 3881; x_wconf 79' lang='lat' dir='ltr'>quae</span> <span class='ocrx_word' id='word_1_273' title='bbox 1070 3809 1099 3863; x_wconf 88' lang='lat' dir='ltr'>iu</span> <span class='ocrx_word' id='word_1_274' title='bbox 1116 3809 1166 3862; x_wconf 91' lang='lat' dir='ltr'>hoc</span> 
     </span>
     <span class='ocr_line' id='line_1_35' title="bbox 174 3901 1163 3975; baseline -0.006 -17"><span class='ocrx_word' id='word_1_275' title='bbox 174 3905 234 3975; x_wconf 89' lang='lat' dir='ltr'>ipso</span> <span class='ocrx_word' id='word_1_276' title='bbox 251 3905 376 3970; x_wconf 78' lang='lat' dir='ltr'>vertitur,</span> <span class='ocrx_word' id='word_1_277' title='bbox 398 3905 477 3975; x_wconf 86' lang='lat' dir='ltr'>quod,</span> <span class='ocrx_word' id='word_1_278' title='bbox 497 3907 520 3960; x_wconf 87' lang='lat' dir='ltr'>si</span> <span class='ocrx_word' id='word_1_279' title='bbox 541 3909 672 3961; x_wconf 82' lang='lat' dir='ltr'>amotores</span> <span class='ocrx_word' id='word_1_280' title='bbox 691 3923 754 3960; x_wconf 81' lang='lat' dir='ltr'>vera</span> <span class='ocrx_word' id='word_1_281' title='bbox 773 3907 805 3961; x_wconf 90' lang='lat' dir='ltr'>de</span> <span class='ocrx_word' id='word_1_282' title='bbox 824 3907 870 3965; x_wconf 83' lang='lat' dir='ltr'>iis,</span> <span class='ocrx_word' id='word_1_283' title='bbox 894 3921 961 3975; x_wconf 86' lang='lat' dir='ltr'>quos</span> <span class='ocrx_word' id='word_1_284' title='bbox 978 3918 1049 3957; x_wconf 87' lang='lat' dir='ltr'>nunc</span> <span class='ocrx_word' id='word_1_285' title='bbox 1067 3901 1163 3960; x_wconf 78' lang='lat' dir='ltr'>omont,</span> 
     </span>
     <span class='ocr_line' id='line_1_36' title="bbox 172 3997 1165 4067; baseline -0.007 -15"><span class='ocrx_word' id='word_1_286' title='bbox 172 3997 328 4067; x_wconf 69' lang='lat' dir='ltr'>loquuntur,</span> <span class='ocrx_word' id='word_1_287' title='bbox 359 3997 437 4053; x_wconf 79' lang='lat' dir='ltr'>focile</span> <span class='ocrx_word' id='word_1_288' title='bbox 465 3999 659 4067; x_wconf 81' lang='lat' dir='ltr'>intellegatur,</span> <span class='ocrx_word' id='word_1_289' title='bbox 690 3999 777 4053; x_wconf 81' lang='lat' dir='ltr'>multo</span> <span class='ocrx_word' id='word_1_290' title='bbox 804 3998 890 4067; x_wconf 76' lang='lat' dir='ltr'>magis</span> <span class='ocrx_word' id='word_1_291' title='bbox 913 3997 983 4051; x_wconf 84' lang='lat' dir='ltr'>idem</span> <span class='ocrx_word' id='word_1_292' title='bbox 1011 3997 1165 4050; x_wconf 76' lang='lat' dir='ltr'>eventurum</span> 
     </span>
     <span class='ocr_line' id='line_1_37' title="bbox 174 4084 1001 4166; baseline 0 -21"><span class='ocrx_word' id='word_1_293' title='bbox 174 4091 285 4166; x_wconf 74' lang='grc' dir='ltr'><em>(ῥᾴδιον</em></span> <span class='ocrx_word' id='word_1_294' title='bbox 303 4093 414 4159; x_wconf 80' lang='grc' dir='ltr'><em>γνῶναι,</em></span> <span class='ocrx_word' id='word_1_295' title='bbox 433 4087 487 4159; x_wconf 81' lang='grc' dir='ltr'>ὅτι)</span> <span class='ocrx_word' id='word_1_296' title='bbox 506 4091 535 4145; x_wconf 92' lang='lat' dir='ltr'>in</span> <span class='ocrx_word' id='word_1_297' title='bbox 554 4084 602 4154; x_wconf 86' lang='lat' dir='ltr'>iis,¹</span> <span class='ocrx_word' id='word_1_298' title='bbox 617 4108 683 4160; x_wconf 89' lang='lat' dir='ltr'>quos</span> <span class='ocrx_word' id='word_1_299' title='bbox 700 4093 793 4162; x_wconf 77' lang='lat' dir='ltr'>posteo</span> <span class='ocrx_word' id='word_1_300' title='bbox 810 4089 1001 4145; x_wconf 74' lang='lat' dir='ltr'>adamaverint.</span> 
     </span>
    </p>
   </div>
   <div class='ocr_carea' id='block_1_4' title="bbox 0 0 1294 4530">
    <p class='ocr_par' dir='ltr' id='par_1_8' title="bbox 0 0 1294 4530">
     <span class='ocr_line' id='line_1_38' title="bbox 0 0 1294 4530; baseline 0 4"><span class='ocrx_word' id='word_1_301' title='bbox 0 0 1294 4530; x_wconf 95' lang='lat' dir='ltr'> </span> 
     </span>
    </p>
   </div>
  </div>
 </body>
</html>
