2580 4530
215 255 277 323 442
513 332 516 341 Ι
642 252 702 307 mu.
723 251 778 307 111.

172 450 373 543 πάγκακος).
417 453 498 533 Quid
525 453 620 538 igitur
645 450 723 517 fiet?
765 448 1094 536 Scribetur,·utrcque
1115 455 1236 539 supple-

174 563 276 630 mento
295 562 438 627 sublato:
461 552 479 625 ὁ
500 562 566 645 μὲν
587 551 723 646 nyctos
744 549 887 632 τούτων,
915 552 935 622 o‘
961 559 996 624 δὲ
1018 556 1077 635 οὔ,
1107 553 1237 651 ὅτανῇ

174 661 351 756 φειδωλῶς,
375 658 453 732 τότε
475 665 512 732 δέ
532 689 563 731 ιι.
582 691 611 731 τ.
634 666 662 729 λ.
698 662 800 728 Velim
822 664 951 738 attendi,
971 665 1238 748 interpolationem

172 776 341 842 feliciorem
362 773 456 839 fuisse
479 772 513 838 in
536 770 736 838 deterioribus
758 769 946 835 codicibus„
1026 818 1030 825 .

272 880 339 945 Lib.
373 879 419 944 VI
449 900 480 963 p.
515 879 575 941 752
604 877 644 942 O:
678 877 783 961 δῆλον
816 876 850 942 δὲ
877 868 916 940 τό
944 900 982 962 γε
1005 880 1185 971 τοσοῦτον,
1215 872 1240 948 ῶ

174 986 330 1061 Κλεινία,
364 987 468 1052 παντὶ
502 977 621 1071 σχεδόν
655 1029 694 1047 ..
721 1028 727 1041 ·
752 976 790 1048 vo*
818 978 869 1066 μή
899 985 1021 1068 ῥᾳδίας
1046 1011 1086 1074 ys
1110 981 1240 1062 αὐτούς

170 1093 324 1181 μηδένας
346 1092 596 1176 προσδέξασθαι
620 1081 692 1153 τοτ’
714 1082 829 1174 α’ρχοὶς,
854 1093 885 1154 εἰ
908 1091 942 1156 δὲ
961 1093 1146 1177 μείναιμέν
1168 1120 1240 1169 πῶς

165 1200 338 1283 τοσοῦτον
359 1191 491 1284 χρόνον.
515 1207 575 1271 tter
597 1201 629 1261 οἱ
649 1190 854 1283 γευσάμενοι
886 1198 1006 1272 παῖδες
1032 1201 1101 1266 τῶν
1123 1193 1241 1288 νόμον

157 1342 181 1375 -.
206 1356 214 1373 .
240 1356 247 1371 .
272 1300 532 1389 κοινωνήσειαν·
554 1306 803 1392 νενομένσογε
822 1300 907 1388 μήν,
929 1293 971 1372 οὗ
999 1307 1145 1392 λέγομεν
1167 1353 1176 1369 .
1199 1353 1240 1375 ..

173 1407 307 1498 πολλήν
342 1417 444 1500 ἔγωγε
480 1403 670 1495 σῖοφῶλειαν
706 1408 803 1493 οἶμαι
843 1411 898 1476 καὶ
932 1405 1022 1496 μισῶ
1061 1407 1124 1478 τῶν
1160 1406 1240 1479 τότε

173 1515 327 1606 παρόντα
348 1513 471 1604 χρόνον
492 1512 537 1582 ῶν
557 1520 720 1604 γενέσθαι
743 1516 806 1582 τοῦ
834 1529 951 1600 μεῖναι
972 1513 1038 1602 τήν
1060 1519 1240 1607 παιδαγω-

171 1635 342 1718 γηθεῖσαν
364 1619 451 1691 οὕτω
475 1617 588 1690 πόλιν.
632 1623 770 1687 Primum
793 1623 997 1689 revocandum
1019 1629 1088 1690 esse
1110 1649 1189 1710 προ
1202 1652 1240 1693 σ-

173 1737 370 1813 δὲξεοθαι
393 1733 498 1796 contra
520 1730 661 1795 codicum
682 1729 783 1794 levem
804 1728 836 1793 in
846 1729 1023 1796 huiusmodi
1042 1730 1143 1797 forme
1164 1751 1239 1798 euc-

170 1844 330 1911 toritstem
351 1841 405 1905 cut
419 1836 613 1903 scribendum
634 1829 665 1921 γ’
687 1830 736 1900 ῶν
751 1827 878 1908 coccos
892 1835 972 1902 ratio
993 1837 1104 1915 vincit;
1127 1837 1239 1904 deinde

171 1951 276 2017 eutem
307 1965 367 2010 non
398 1944 504 2029 legum
539 1941 657 2008 sanctio
673 1940 858 2007 'differenda
892 1942 1100 2026 significetur,
1138 1964 1239 2028 neque

169 2055 315 2139 ipsorum,
337 2052 390 2136 qui
409 2052 495 2135 leges
509 2067 591 2113 nunc
612 2047 686 2112 dent
708 2049 740 2112 et
760 2048 909 2126 sanciant,
928 2049 1102 2131 permansio
1124 2051 1239 2136 aliqua,

171 2160 225 2227 sed
244 2161 349 2244 legum
370 2156 584 2249 impositorum
605 2153 816 2232 conservatio,
850 2154 947 2219 donec
968 2154 1139 2222 adoleverit
1159 2177 1240 2224 nove

170 2266 283 2332 civium
304 2265 379 2329 aetas
400 2263 439 2328 iis
461 2282 479 2327 a
500 2258 630 2345 pueritia
652 2260 859 2325 adsuetorum.
915 2259 1117 2327 Scribendum
1143 2264 1239 2348 igitur

169 2374 219 2438 est
243 2371 452 2455 μείνειαν.
488 2364 684 2449 Relinquitur
705 2366 808 2449 aliqua
829 2366 990 2431 sentcntiae
1004 2367 1239 2450 inconcinnitas,

169 2482 225 2545 sed
245 2479 278 2542 in
299 2477 347 2542 his
365 2475 457 2541 ⁴libris
479 2472 619 2549 ferenda;
641 2491 714 2536 nam
734 2473 799 2537 haec
821 2471 957 2537 condicio
973 2476 1005 2538 εἰ
1028 2473 1063 2539 δι’
1083 2494 1146 2541 non
1166 2479 1238 2559 apte

169 2583 347 2667 adiungitur
366 2582 413 2645 illi
428 2579 685 2663 προσδέξεσθαι,
707 2578 763 2644 scd
785 2577 823 2652 ei,
847 2579 926 2663 quod
946 2579 980 2643 in
996 2599 1031 2646 eo
1054 2581 1237 2659 continetur,

168 2709 294 2774 prorsus
325 2689 540 2753 confirmatum
568 2685 606 2750 iri
632 2686 735 2766 leges,
765 2685 858 2767 idque
885 2685 1059 2751 declaratur
1092 2688 1237 2771 proximis

168 2796 246 2862 illis:
269 2797 457 2881 γενομένου
477 2815 516 2877 ys
539 2782 612 2876 μήν
633 2779 675 2856 οὗ
697 2794 842 2878 λέγομεν
864 2817 893 2856 ιι.
910 2818 938 2857 τ.
954 2793 1016 2871 λῶ)

269 2901 336 2966 Ibd.
358 2921 387 2983 p.
404 2898 521 2962 otto:
544 2892 609 2983 τήν
632 2890 661 2964 o’
683 2890 942 2984 οἷντιτιρσβσλῶν
964 2898 1051 2965 εἶναι
1073 2891 1236 2983 καθάπερ

169 3010 239 3076 τῶν
266 3005 464 3092 στρατηγῶν
491 3005 654 3091 ἐγίγνετο.
699 2998 965 3089 senteutiam
993 3001 1016 3090 ἦ
1042 3006 1111 3073 τῶν
1134 3031 1236 3090 στρα-

168 3114 292 3203 τηγῶν,
315 3114 351 3177 ut
371 3131 401 3194 p.
423 3113 483 3173 756
505 3112 545 3186 A,
568 3112 630 3174 760
650 3113 680 3176 Α
699 3112 732 3176 in
756 3112 869 3178 iisdem
890 3113 993 3179 verbis
1015 3113 1171 3180 scribitur.

270 3220 337 3285 Ibd.
359 3239 389 3302 p.
402 3218 509 3296 leole,
533 3218 594 3281 756
606 3218 644 3296 A,
658 3218 684 3281 Β
697 3238 763 3301 quse
786 3220 827 3284 sit
848 3218 1014 3285 difficultas
1036 3221 1068 3284 et
1088 3221 1236 3303 pravitas,

171 3330 365 3393 Hermannus
386 3323 480 3401 vidit3
502 3342 576 3387 nam
597 3323 636 3388 de
658 3316 839 3410 ἱππάρχων
864 3326 1018 3391 creatione
1039 3325 1088 3391 bis
1110 3327 1142 3391 et
1163 3345 1236 3391 con·

168 3434 262 3498 trario
297 3430 387 3496 modo
420 3429 555 3495 sancitur
588 3431 619 3494 et
651 3427 733 3493 inter
766 3432 836 3497 τῶν
868 3423 1018 3496 ὁπλιτῶν
1054 3433 1135 3510 (τῶν
1171 3426 1235 3516 τήν

166 3534 298 3606 <iunior
321 3536 526 3621 τιθεμένων)
551 3538 582 3600 et
604 3535 672 3602 τῶν
693 3532 801 3614 ψιλῶν
823 3539 855 3603 et
875 3538 1021 3612 τοξοτῶν
1043 3538 1135 3607 duces
1157 3539 1234 3607 odeo

198 3805 219 3872 ¹)
238 3806 268 3862 P.
288 3807 340 3864 753
357 3807 381 3860 Β
399 3807 455 3862 heo
473 3806 567 3861 verbe:
588 3807 617 3863 ἐν
635 3813 697 3872 ταῖς
715 3802 861 3879 σφετέραις
879 3805 973 3864 αὐτῶν
991 3814 1040 3880 τῆς
1058 3813 1167 3880 plenius
1186 3816 1234 3870 ov·

237 3898 336 3968 νάμεσι
362 3900 490 3955 vertendo
518 3903 594 3954 sunt:
621 3900 656 3956 in
682 3900 760 3956 suis
785 3900 938 3970 ipsorum
968 3903 1086 3958 etatis
1112 3906 1233 3977 copiis,

238 3990 289 4046 hoc
307 3995 356 4058 est,
373 3993 403 4047 iu
425 3994 460 4049 iis
478 3994 609 4050 exercitus
627 3993 758 4065 pertibus,
783 3993 819 4050 ed
843 4009 909 4064 ques
933 3994 1046 4064 quisque
1067 4000 1148 4054 emto
1172 4015 1234 4069 per·

238 4083 309 4140 tinet
326 4086 482 4155 (τρόποισι.
505 4079 615 4160 ἔφηβοι,
633 4087 704 4155 oet).
802 4088 805 4094 '
