2626 4530
531 253 593 310 111.
611 254 647 311 n.
1021 259 1077 322 191

55 457 91 528 όν
112 455 160 526 ἄν
191 452 255 546 ἔναι’
284 454 424 542 ψέξαιμί
451 479 500 531 τι;
522 454 635 519 omisso
668 450 714 522 όν
745 460 814 541 post
842 454 883 523 όν
910 458 1048 525 additum
1075 462 1123 525 est

54 569 144 633 inune
174 576 302 650 prorsus
330 562 462 628 dolorum
490 580 598 626 uersus
627 561 673 646 γέ.
724 563 890 630 Difficilius
922 565 1121 648 persuadebo,

56 673 223 740 ettamen
250 670 317 752 ipse
343 668 421 733 mihi
451 684 576 750 prorsus
601 669 754 750 persuasi,
786 670 965 755 AEschylum
992 671 1025 735 in
1047 672 1122 736 Pro·

55 778 173 846 methei
187 777 266 846 :loco
289 774 322 840 et
342 774 374 838 in
392 771 578 856 Gboephoris
600 774 760 859 scripsisse
781 775 860 840 illic:
892 768 967 842 Οὐκ
989 769 1055 842 ἔστ’
1079 772 1123 843 ἄν

57 882 117 970 ὄνῳ
140 883 285 970 μείζονα
307 893 435 964 μοῖραν
454 885 459 956 Ι
479 874 637 964 Νέμαιμ’
659 875 682 965 ἢ
704 881 767 971 σοι’,
789 882 856 946 hio:
892 874 967 949 Ode
990 877 1056 948 ἔστ’
1078 878 1123 948 do

57 987 149 1063 ὅστις
171 983 268 1073 πλήν
296 983 372 1059 ἑνός
393 979 542 1071 κείραιτό
564 1011 638 1063 νιν,
662 987 861 1070 transposita,
885 1005 955 1052 cum
969 989 1124 1054 sententia

57 1097 194 1162 relativo·
208 1113 281 1181 cunr
303 1091 487 1158 brevissima
514 1093 669 1158 sententie
696 1093 844 1175 primarie
869 1093 902 1157 in
930 1112 1024 1159 unam
1052 1113 1124 1160 con·

56 1203 199 1279 daretur,
228 1198 380 1282 particula
411 1198 483 1262 ante
516 1215 625 1262 vocem
664 1197 835 1275 relativam,
866 1200 1125 1283 quemadmodum

57 1310 92 1375 fit
114 1310 151 1374 in
174 1308 249 1372 noto
271 1303 391 1369 dicendi
416 1320 529 1386 genere
557 1296 618 1368 οὐκ
648 1297 692 1368 όν
714 1304 788 1370 οἶδα
812 1299 886 1383 (οὐκ
908 1298 971 1372 old'
991 1299 1061 1385 όν),
1095 1312 1125 1373 εἰ

60 1415 233 1498 δυναίμην
261 1413 355 1494 (synt.
377 1409 431 1476 Gr.
454 1407 475 1494 ξ
499 1409 559 1472 139
581 1410 602 1474 b
623 1411 697 1489 not,
730 1410 843 1476 Motth.
869 1432 914 1496 gr.
942 1412 959 1495 p
992 1412 1061 1490 599,
1095 1415 1125 1491 3,

60 1522 108 1588 ubi
134 1517 325 1586 testimoniis
352 1515 455 1581 citetis
487 1515 559 1579 addi
580 1517 683 1598 potest
708 1515 915 1599 Xenophontis
950 1517 1056 1603 Cyrop.
1088 1520 1125 1597 V,

60 1631 88 1706 4,
113 1628 165 1704 12)
192 1626 225 1690 et
246 1624 352 1688 eodem
374 1620 465 1686 modo
488 1621 560 1686 ente
584 1618 635 1686 ὅτι
665 1623 744 1705 apud
776 1623 1008 1706 Xenophontem
1036 1626 1124 1690 anab.

61 1737 122 1814 ΙΙΙ,
158 1734 196 1811 2,
220 1731 260 1792 24
290 1730 358 1806 (καὶ
389 1721 475 1812 ἡμῖν
502 1721 579 1813 γ’ἄν
609 1722 674 1794 old’
701 1725 753 1793 ὅτι
777 1726 1001 1816 τρισάσμενος
1032 1724 1126 1797 ταῦτ’

63 1840 183 1916 ἐποίει)
220 1837 253 1901 et
285 1835 444 1900 Demosth.
476 1834 609 1917 Philipp.
641 1835 685 1909 li,
716 1837 770 1914 29;
804 1856 862 1902 nec
892 1838 1041 1903 dissimile
1069 1839 1127 1913 est,

62 1947 161 2034 quod,
192 1942 319 2009 confuso
336 1940 412 2005 item
441 1940 593 2023 primariae
616 1943 648 2006 et
668 1941 854 2007 secundarios
877 1944 1037 2010 sententies
1058 1944 1126 2019 fine,

63 2053 190 2119 dicitur:
223 2049 257 2114 τί
279 2038 359 2122 οὖν,
382 2039 427 2111 όν
454 2041 579 2130 φαίηό
610 2041 721 2134 λόγος,
755 2056 802 2113 ἔτι
826 2041 998 2130 dotorem
1025 2049 1127 2132 (Pht.

62 2159 207 2225 Pbaedon.
229 2175 261 2238 p.
285 2154 325 2216 87
348 2153 378 2216 Α
400 2153 484 2230 etc),
508 2153 651 2235 quoniam
673 2173 727 2237 per
748 2174 781 2221 se
804 2152 848 2220 ἄν
870 2176 929 2221 non
950 2155 1076 2239 ponitur
1096 2155 1127 2218 in

61 2266 150 2332 initio
180 2259 343 2328 sennnuae
370 2251 426 2342 (riu
448 2258 572 2343 φαίης).
625 2260 691 2324 Ηοο
719 2263 746 2326 si
776 2263 823 2327 ita
854 2264 915 2341 est,
948 2261 1129 2343 relinquitur

63 2370 232 2446 dubitatio,
271 2366 303 2429 in
338 2364 493 2447 Euripidis
528 2365 645 2429 Alcest.
684 2367 723 2428 52
759 2370 873 2443 utrum,
907 2368 1052 2453 producto
1088 2362 1129 2430 do

63 2475 214 2558 (Dindorf.
237 2471 355 2555 pressat.
379 2470 426 2536 ed.
448 2470 556 2553 primes
578 2473 658 2553 poet.
689 2491 767 2538 scen.
791 2474 887 2542 Graec.
918 2497 947 2558 p.
970 2475 1029 2538 Vll
1053 2493 1129 2556 eqo,

64 2600 241 2669 quanquam
263 2576 449 2643 sententiam
470 2575 537 2656 ipse
562 2577 668 2668 postea
684 2581 840 2664 mutavit),
856 2579 1051 2645 scribendum
1074 2579 1129 2644 sit:

64 2682 130 2756 ἔστ’
154 2681 200 2753 ἄν
223 2681 315 2756 ὅπως
330 2679 517 2764 ’Ἄλκηστις
546 2689 594 2755 εἰς
621 2683 727 2769 γῆρας
755 2679 874 2769 μόλοις
909 2705 947 2749 an
975 2679 1041 2750 ἔστ’
1069 2676 1131 2750 otiu

64 2792 157 2867 ὅπως
173 2789 363 2880 ’Ἄλκηστις
385 2786 429 2856 ἂν
449 2792 554 2876 γῆρας
576 2790 696 2875 μόλοις
720 2793 777 2856 etsi
799 2793 871 2857 alibi
899 2794 991 2858 verbo
1012 2794 1132 2876 μολεῖν

64 2897 277 2965 accusativum
313 2884 486 2963 huius‘modi
515 2898 701 2962 substantivi
737 2899 803 2962 sine
835 2900 1045 2982 praepositione
1079 2899 1132 2961 ed-

62 3007 205 3071 iunctum
225 3021 284 3067 non
305 3003 442 3068 memini.

165 3110 235 3176 Ibd.
263 3108 445 3188 (Prometh.)
474 3111 535 3172 425
570 3109 614 3187 (in
648 3109 729 3173 chori
761 3109 923 3191 carminel:

223 3209 342 3282 Μόνον
372 3215 413 3297 δή
437 3209 595 3296 πρόσθεν
618 3210 721 3279 ἄλλον
743 3220 779 3279 ἐν
801 3206 921 3285 πόνοις

220 3315 356 3407 δαμέντ’
381 3314 668 3404 αἷδάμαντοδέταις
694 3322 822 3387 Τιτᾶνα
846 3316 971 3406 λύμαις

221 3414 400 3513 εἰσιδόμαν
422 3423 511 3494 θεόν
538 3424 684 3493 Ἆτλαν.

168 3535 301 3600 Pr0rsus
333 3533 472 3600 abundat
505 3539 541 3598 ἐν
578 3526 699 3605 πόνοις
731 3537 762 3600 et
790 3535 903 3600 fulsum
925 3535 983 3608 est3
1006 3550 1078 3594 nem
1101 3536 1136 3594 ἐν

67 3637 193 3714 πόνοις
227 3641 320 3704 multi
353 3640 477 3706 deorum
509 3641 637 3718 fuerant,
670 3660 780 3715 unum,
814 3643 848 3705 ut
880 3639 1074 3716 Promethea,
1106 3639 1136 3702 in

65 3748 176 3814 vinclis
189 3746 519 3813 Oceanidesriderant.
554 3744 770 3811 Scribendum:
788 3743 978 3816 ἐντόνοις
1001 3735 1136 3831 δαμέντ’

68 3845 363 3939 α’δαμαντοόέτοις
385 3880 426 3918 τε
455 3852 582 3919 Τιτᾶνα
608 3844 732 3936 λόμαις
758 3845 964 3936 εἰσειδόμαν.

170 3959 239 4025 Ibd.
262 3959 322 4022 602
344 3961 379 4026 Io
399 3959 586 4041 interroget:
