2580 4530
65 33 102 279 λ

584 268 646 325 In‘b.
663 270 700 327 11.
1071 272 1132 336 283

130 465 297 549 λδοκουδε)
319 467 399 532 latet
418 467 549 551 aliquid,
571 468 650 551 quod
671 467 798 544 efficiat,
829 473 864 536 nt
884 471 974 554 turpe
996 474 1118 551 (saltem
1139 473 1171 538 in

127 572 251 653 ridendo)
272 572 486 640 testimoninm
508 573 573 640 fiat.
621 574 769 639 Fuitnez)
791 606 796 618 ·

349 701 396 744 ον
418 679 617 768 δανειοτῇ
640 681 706 760 (eut
727 673 908 760 δάνειον)
929 697 1131 768 μαρτυρεῖν,

181 779 223 852 οὐ
245 797 484 870 συκοφαντεῖν.

87 923 91 933 .
120 893 235 958 lnvieee
247 892 391 958 homines
414 895 482 971 (ant
492 892 572 974 rem)
588 893 759 977 Praxagorae
780 895 915 967 testibus
935 895 974 959 ad
995 894 1175 962 obtinendae

119 1017 223 1064 enneae
245 1004 351 1064 carere
372 998 448 1063 vult.

214 1102 303 1169 ΡΙῐΙλ.
328 1104 404 1166 885:

255 1202 331 1274 αλλ’
353 1202 414 1274 οὐκ
437 1218 545 1276 ἔνεστι
569 1204 783 1294 συκοφάντου
806 1203 989 1296 δήγματος.

118 1315 183 1380 Non
200 1315 427 1392 eatiefaeiunt,
461 1335 527 1399 quae
555 1315 593 1380 ad
619 1316 797 1398 genetivum
824 1315 1044 1399 expediendum
1074 1316 1175 1400 prefe-

117 1424 239 1498 runtur,
277 1440 458 1505 vereorque,
491 1441 530 1488 ne
562 1422 707 1486 mendum
743 1422 853 1487 subsit
899 1421 998 1513 *Venit
1032 1422 1111 1487 mihi
1142 1422 1175 1487 in

118 1531 296 1593 mentem:-

252 1626 360 1718 σῖλκή
379 1626 415 1698 δ’
436 1641 567 1700 ἔνεστιν
590 1628 1017 1718 ουκοφοὶντουιλήγματοςς

119 1743 185 1803 aut:
209 1733 286 1804 ἄλλ’
308 1733 369 1806 ου’κ
392 1737 490 1814 σ’ἷκος
514 1750 573 1807 ένι
598 1735 810 1824 συκοφάντου
826 1733 1019 1826 δήγγιατος.-
1051 1740 1174 1806 Sedres

117 1845 235 1911 ineerta
256 1849 314 1911 eet.
978 1908 984 1923 x

216 1951 325 2019 Geeali
336 1952 551 2034 Aristophanis
563 1946 778 2037 fragmentum,
801 1951 882 2034 qued
900 1951 1176 2034 epndAthenaeum

118 2056 162 2121 Xi
182 2078 213 2141 p.
236 2058 299 2120 478
321 2058 349 2122 Ι)
371 2059 494 2144 legitur,
517 2058 562 2124 eie
583 2057 776 2124 scribendum
799 2076 867 2123 esee
889 2057 950 2122 diri
970 2056 1003 2121 in
1024 2057 1177 2140 Philolegi

120 2165 130 2226 l
155 2184 184 2246 p.
208 2164 291 2226 616:

154 2263 457 2356 ὑποπρεσβύτεραι
480 2273 581 2357 γρᾶες
594 2270 726 2336 Θασίου
746 2271 892 2352 μέλανος
905 2263 1040 2355 ιμεστόν
1062 2293 1176 2353 κερα-

203 2457 206 2461 ,
440 2364 444 2370 ’
1005 2389 1131 2461 ,σεῖον

157 2486 340 2567 θέμεναι
378 2473 534 2554 κοτύλαις
575 2476 741 2571 μεγάλαις
785 2487 963 2570 ε”βρεχον
1015 2487 1175 2568 σφέτερον

714 2590 818 2673 δέμας
839 2584 960 2657 οὐδένα
985 2585 1127 2674 κόσμον,

157 2704 253 2779 έριοτι
277 2687 488 2778 βιαζόμεναι.

116 2803 148 2865 ln
171 2799 328 2866 codicibus
356 2801 404 2866 est
432 2792 560 2882 μεστόν
586 2809 855 2884 κερσμευιιέναις
883 2797 1056 2878 κοτύλαις,
1087 2821 1175 2887 aper·
1260 2816 1263 2822 '

114 2908 235 2973 tissime
257 2907 386 2972 eonfiate
408 2910 646 2991 κερομεῑσνοι
666 2909 839 2990 participio,
869 2909 978 2973 deinde
1009 2901 1175 2992 μεγαλοις

114 3023 233 3100 ἔγχεον
261 3018 294 3085 ἐς
322 3017 499 3097 σφέτερον,
528 3014 596 3077 tum
620 3005 719 3079 οὐδὲν
740 3010 908 3096 σ’έκοσμον,
939 3013 1019 3095 quod
1040 3015 1174 3096 Toupius

114 3119 254 3185 correxit.
298 3120 374 3185 Post
401 3113 603 3205 βιαζόμεναι
626 3121 778 3185 adduntur
799 3119 880 3182 haee:
909 3121 1056 3202 μέλανος
1079 3121 1174 3185 οἴνου

113 3220 276 3311 α’κράτου,
296 3228 482 3309 pertinentia
504 3227 543 3292 ad
563 3229 709 3312 μέλανος
730 3225 881 3307 inprime
903 3243 994 3290 versu
1016 3225 1173 3306 explican-

113 3333 205 3410 dum,
238 3351 306 3415 qnae
333 3333 415 3397 reete
439 3333 574 3414 Tenpius
601 3332 742 3408 sustulit,
777 3350 836 3396 non
858 3333 940 3396 reete
961 3330 1053 3395 simul
1075 3335 1171 3414 ἔρωτι

111 3433 328 3522 βιαζόμεναι.

214 3643 453 3726 Aristophanem
486 3643 616 3726 excipiet
648 3644 876 3726 Apollonius
898 3641 1099 3716 Rhodius,
1139 3642 1171 3705 in

110 3769 170 3833 qne
186 3769 249 3814 nne
271 3751 465 3832 praeterens,
487 3768 562 3832 qnos
584 3750 647 3816 iam
668 3752 847 3833 persecutus
870 3768 949 3826 sum,
971 3748 1061 3831 paulo
1083 3746 1172 3829 plura

109 3856 239 3921 tentari.
291 3853 394 3918 Semel
424 3856 530 3920 tamen
557 3856 619 3939 legi
648 3874 704 3920 nee
734 3874 840 3921 omnes
862 3853 1074 3918 Alexandrinae
1094 3852 1171 3918 artis

108 3962 196 4026 sinne
220 3961 429 4043 perscrutatus
457 3981 535 4026 sum.
582 3961 677 4039 (Unus
706 3980 774 4026 snm
792 3959 957 4028 Weilaueri
981 3960 1013 4025 et
1030 3957 1171 4024 Merkelii

106 4066 282 4151 exemplis.)
