2580 4530
564 271 641 329 «nib.
659 272 711 330 111.
1060 273 1132 337 ’357

111 495 162 541 nec
183 476 263 541 ratis
286 474 505 558 significanter,
530 472 623 538 codex
651 473 695 553 D,
726 491 785 538 non
808 494 875 539 raro
902 476 970 541 veri
988 475 1088 549 index,
1111 475 1174 558 ἑνῷ

109 583 157 648 sel
177 581 254 667 ἐρῷ.
299 581 409 647 Fuitne
431 576 515 646 ὅταν
537 580 693 655 διακονῶ,
715 581 860 666 ναθρῴ
884 604 944 663 μοι
966 575 1078 666 χρήσει
1102 580 1176 646 δια-

112 683 206 776 τόνῳ,
229 689 278 753 bis
304 685 419 770 scripta
438 686 557 770 syllaba
578 689 649 751 vo?

208 794 279 859 Ibd.
304 797 325 874 ξ
347 794 397 858 25.
442 793 571 858 Mirifice
599 793 631 858 in
663 793 907 869 enumeratione,
929 793 997 875 quis
1019 811 1175 875 equoque

110 901 220 983 populo
252 901 284 965 in
323 901 489 964 certamine
529 900 663 982 equestri
694 898 818 975 vicerit,
855 899 888 962 in
920 898 1031 964 ceteris
1063 916 1174 964 nomen

110 1006 245 1088 ponitur,
278 1005 317 1069 de
345 1005 430 1089 Syris
457 1006 501 1070 sio
529 1005 687 1071 scribitur:
716 998 835 1088 Σύραν
864 1004 898 1070 dt
920 999 938 1070 ὁ
962 1004 1174 1088 προστατῶν.

111 1111 166 1176 Sed
200 1111 323 1177 codices
351 1113 380 1176 D
409 1116 440 1178 et
474 1112 518 1184 M,
546 1131 615 1176 cum
644 1112 801 1194 Apostolio
830 1112 982 1193 (proverb.
1013 1110 1090 1187 XX,
1123 1110 1174 1185 18)

108 1202 348 1295 consentientes,
373 1209 492 1301 Σύρων
515 1218 550 1283 δὲ
571 1218 639 1284 τών
666 1210 808 1283 πάντων
838 1209 1005 1290 Γαδάτας.
1055 1215 1115 1281 Sed
1137 1234 1175 1278 ne

108 1324 160 1389 hoo
183 1324 311 1407 quidem
333 1342 449 1397 verum,
471 1323 541 1388 sed:
578 1318 697 1408 Σύρων
730 1325 764 1390 δὲ
791 1325 869 1391 τῶν
895 1315 1173 1405 α’τοστανταν

112 1424 279 1502 Γαδάτας.
321 1430 402 1493 Hinc
433 1431 540 1494 natum
562 1432 595 1494 et
627 1432 827 1515 προστατῶν
866 1435 897 1497 et
926 1432 994 1497 τῶν
1022 1422 1173 1496 πάντων.

109 1535 171 1602 llec
208 1539 298 1601 erant
333 1534 414 1617 apud
435 1533 549 1618 Cyrum
570 1554 605 1600 ox
631 1538 714 1621 Syris
745 1539 805 1604 nisi
836 1557 872 1603 ea
891 1557 972 1622 pars,
1004 1557 1071 1621 queo
1103 1555 1173 1600 cum

106 1643 230 1709 dadan
252 1641 384 1706 adeum
406 1640 569 1706 defecerat.
1064 1628 1075 1640 ⁶

538 1894 726 1904 w

203 2062 244 2126 In
266 2061 503 2136 commentariis
528 2060 568 2127 de
583 2060 725 2144 Socrate,
747 2082 814 2145 quae
835 2061 1047 2127 memorabilia
1068 2061 1173 2144 appel·

107 2168 161 2232 lori
191 2166 309 2244 solent,
344 2185 496 2249 perpauca
530 2168 562 2232 et
597 2186 691 2249 parva
725 2168 898 2243 emendavi,
931 2186 998 2250 quae
1029 2185 1088 2231 non
1120 2166 1173 2229 alii

106 2271 356 2352 praeceperint.¹)

205 2377 273 2441 Lib.
311 2378 352 2455 ΙΙ,
390 2380 418 2456 l,
448 2380 464 2439 1
501 2378 673 2444 tollendum
692 2379 728 2445 δὲ
748 2382 819 2462 post
845 2373 953 2465 yvodr'
971 2380 1173 2462 (praecedente
1260 2366 1262 2373 ⁴

106 2483 273 2560 τοιαῦτα).
1053 2552 1055 2557 ,

206 2589 273 2654 Ibd.
304 2594 324 2671 ξ
356 2591 414 2653 12:
449 2593 480 2654 εἰ
506 2592 622 2672 μέντοι
658 2641 665 2655 .
691 2640 731 2659 ..
764 2586 852 2678 μήτε
875 2591 989 2677 ἄρχειν
1022 2584 1174 2667 α’ξιώσεις

105 2690 195 2779 μήτε
220 2691 387 2780 ἄρχεσθαι
410 2689 498 2780 μήτε
516 2698 574 2773 (sio
596 2698 692 2777 codd..
714 2718 774 2766 non
796 2693 986 2784 pchs'Jsoth·
1007 2695 1173 2783 ἄρχοντας

132 2970 155 3039 ¹)
174 2969 296 3024 Difficile
321 2972 362 3022 est
380 2968 516 3022 interdum
537 2968 623 3037 legem
652 2986 709 3023 earn
729 2974 827 3032 tenere,
856 2986 936 3038 quarn
960 2964 1028 3024 mihi
1057 2970 1120 3030 dixi,
1139 2986 1172 3022 ne

176 3068 281 3118 veteres
299 3066 327 3116 et
344 3065 421 3116 notas
433 3061 578 3130 scripturas
592 3062 753 3131 disputando
772 3063 941 3132 attingerem,
960 3065 1036 3118 velut
1053 3080 1114 3116 curn
1129 3063 1173 3116 edi

158 3137 222 3210 'bio
241 3158 263 3222 Ι,
281 3158 307 3220 3,
339 3157 354 3209 7
372 3154 476 3208 videam
494 3170 564 3208 nunc
583 3154 616 3209 ab
631 3156 755 3210 omnibus
773 3153 964 3224 ἀποσχόμενον
982 3155 1021 3210 τὸ
1040 3195 1047 3210 .
1066 3200 1072 3212 .
1093 3196 1100 3210 .
1119 3151 1172 3208 ἅπ-

176 3253 278 3304 τεσθαι
295 3250 324 3301 et
349 3246 383 3301 od
407 3247 457 3300 hoc
476 3245 670 3302 defendendum
688 3263 719 3301 ex
736 3247 799 3302 aliis
817 3247 1002 3317 Xenophontis
1020 3248 1087 3302 locis
1110 3264 1172 3316 pro-

176 3337 276 3396 ferrit
305 3339 370 3407 ἐμὸς
388 3339 457 3404 ἔρως
475 3339 512 3396 τὸ
530 3379 538 3395 .
556 3378 564 3393 ·
582 3378 590 3394 ·
610 3338 656 3408 ἐμὲ
679 3339 776 3396 πιστὸν
801 3341 933 3411 γενέσθαι
955 3343 983 3395 et
1004 3338 1173 3409 τὸμὴ...

177 3429 354 3498 σφάλλεσθαι
384 3431 564 3500 ἐπιμέλεσθαι
580 3416 622 3486 ¹et
655 3449 714 3486 oum
751 3432 794 3486 his
832 3433 973 3496 confundi,
1009 3431 1082 3501 quod
1115 3434 1174 3485 toto

179 3540 276 3593 genere
300 3523 436 3577 diversum
455 3529 510 3578 est:
530 3524 581 3581 adn
600 3525 758 3593 ἀπεσχόμην
776 3525 814 3580 τὸ
834 3524 875 3594 μὴ
896 3523 955 3580 οὐκ
980 3525 1081 3580 ἐλθεῖν.
1121 3510 1174 3578 sen

178 3616 324 3669 uincendus
342 3619 384 3669 est
410 3618 515 3671 animus
538 3622 565 3672 et
591 3618 626 3672 ed
653 3635 684 3671 ea
709 3617 853 3687 ablegandi
871 3619 990 3683 lectores,
1017 3634 1075 3686 qua
1094 3633 1174 3685 supra

177 3708 210 3762 de
228 3709 400 3762 numerandis
426 3713 453 3764 et
470 3710 649 3780 ponderandis
676 3710 806 3780 exemplis
828 3711 857 3763 in
882 3709 1073 3779 probabilitate
1100 3709 1171 3762 sesti-

179 3800 276 3855 meuda
295 3801 365 3865 dixi,
398 3805 457 3857 turn
483 3804 516 3858 ad
542 3821 587 3869 ea,
616 3820 674 3873 quae
702 3805 731 3856 in
758 3801 852 3856 libello
870 3805 949 3856 antea
971 3805 1173 3856 commemorato

179 3893 394 3966 (Bemerlrungen
418 3914 464 3951 zur
487 3897 670 3965 griechischen
695 3895 976 3966 Wortfbgungslohre)
1004 3911 1029 3964 p.
1053 3897 1087 3950 47
1115 3911 1174 3964 sqq.

180 3984 214 4039 de
241 3986 298 4040 hoc
324 3989 442 4058 syntaxis
472 3990 529 4044 loco
559 3991 674 4058 exposui,
702 3989 735 4043 de
761 3989 793 4043 τὸ
820 3990 856 4057 μὴ
882 3988 933 4044 οὐκ
955 4005 981 4058 p.
1006 3991 1042 4044 50
1069 4003 1126 4055 sqq.
1147 3990 1176 4040 et
1266 4046 1272 4053 ,

179 4077 314 4147 (exempla
331 4084 442 4150 ponens)
460 4099 485 4152 p.
506 4086 541 4138 60
558 4099 617 4152 sqq.
1259 4076 1267 4091 '
