<?xml version="1.0" encoding="UTF-8"?>
<!DOCTYPE html PUBLIC "-//W3C//DTD XHTML 1.0 Transitional//EN"
    "http://www.w3.org/TR/xhtml1/DTD/xhtml1-transitional.dtd">
<html xmlns="http://www.w3.org/1999/xhtml" xml:lang="en" lang="en">
 <head>
  <title>
</title>
<meta http-equiv="Content-Type" content="text/html;charset=utf-8" />
  <meta name='ocr-system' content='tesseract 3.04.00' />
  <meta name='ocr-capabilities' content='ocr_page ocr_carea ocr_par ocr_line ocrx_word'/>
</head>
<body>
  <div class='ocr_page' id='page_1' title='image "./adversariacriti00madvgoog_0538.png"; bbox 0 0 2580 4530; ppageno 0'>
   <div class='ocr_carea' id='block_1_1' title="bbox 582 239 1132 335">
    <p class='ocr_par' dir='ltr' id='par_1_1' title="bbox 582 239 1132 335">
     <span class='ocr_line' id='line_1_1' title="bbox 582 239 1132 335; baseline 0.004 -42"><span class='ocrx_word' id='word_1_1' title='bbox 582 239 642 295; x_wconf 82' lang='lat' dir='ltr'>ura</span> <span class='ocrx_word' id='word_1_2' title='bbox 660 240 709 295; x_wconf 80' lang='grc' dir='ltr'>π.</span> <span class='ocrx_word' id='word_1_3' title='bbox 788 304 794 319; x_wconf 50' lang='grc'>,</span> <span class='ocrx_word' id='word_1_4' title='bbox 1073 243 1132 335; x_wconf 68' lang='grc' dir='ltr'>σοι</span> 
     </span>
    </p>
   </div>
   <div class='ocr_carea' id='block_1_2' title="bbox 105 437 1177 3604">
    <p class='ocr_par' dir='ltr' id='par_1_2' title="bbox 105 437 1177 2114">
     <span class='ocr_line' id='line_1_2' title="bbox 106 437 1176 526; baseline 0.005 -20"><span class='ocrx_word' id='word_1_5' title='bbox 106 441 258 526; x_wconf 76' lang='lat' dir='ltr'>graphica</span> <span class='ocrx_word' id='word_1_6' title='bbox 281 440 384 505; x_wconf 89' lang='lat' dir='ltr'>animo</span> <span class='ocrx_word' id='word_1_7' title='bbox 405 439 438 507; x_wconf 90' lang='lat' dir='ltr'>in</span> <span class='ocrx_word' id='word_1_8' title='bbox 464 437 719 503; x_wconf 85' lang='lat' dir='ltr'>intervenientem</span> <span class='ocrx_word' id='word_1_9' title='bbox 746 441 853 507; x_wconf 86' lang='lat' dir='ltr'>multis</span> <span class='ocrx_word' id='word_1_10' title='bbox 875 441 975 507; x_wconf 86' lang='lat' dir='ltr'>modis</span> <span class='ocrx_word' id='word_1_11' title='bbox 1000 441 1176 511; x_wconf 79' lang='lat' dir='ltr'>uraeearnm</span> 
     </span>
     <span class='ocr_line' id='line_1_3' title="bbox 106 543 1174 630; baseline -0.002 -16"><span class='ocrx_word' id='word_1_12' title='bbox 106 549 379 630; x_wconf 79' lang='lat' dir='ltr'>Romanorumque</span> <span class='ocrx_word' id='word_1_13' title='bbox 410 564 514 610; x_wconf 87' lang='lat' dir='ltr'>rerum</span> <span class='ocrx_word' id='word_1_14' title='bbox 546 543 781 627; x_wconf 75' lang='lat' dir='ltr'>litterarumque</span> <span class='ocrx_word' id='word_1_15' title='bbox 820 548 1008 613; x_wconf 73' lang='lat' dir='ltr'>mentionem</span> <span class='ocrx_word' id='word_1_16' title='bbox 1045 547 1174 621; x_wconf 83' lang='lat' dir='ltr'>intento.</span> 
     </span>
     <span class='ocr_line' id='line_1_4' title="bbox 106 651 1176 738; baseline -0.001 -19"><span class='ocrx_word' id='word_1_17' title='bbox 106 654 169 719; x_wconf 85' lang='lat' dir='ltr'>Sed</span> <span class='ocrx_word' id='word_1_18' title='bbox 191 653 323 730; x_wconf 82' lang='lat' dir='ltr'>sensim,</span> <span class='ocrx_word' id='word_1_19' title='bbox 356 652 489 716; x_wconf 80' lang='lat' dir='ltr'>maxime</span> <span class='ocrx_word' id='word_1_20' title='bbox 515 651 588 715; x_wconf 91' lang='lat' dir='ltr'>inde</span> <span class='ocrx_word' id='word_1_21' title='bbox 615 669 633 714; x_wconf 83' lang='lat' dir='ltr'>a</span> <span class='ocrx_word' id='word_1_22' title='bbox 664 651 741 737; x_wconf 84' lang='lat' dir='ltr'>libro</span> <span class='ocrx_word' id='word_1_23' title='bbox 768 651 929 717; x_wconf 83' lang='lat' dir='ltr'>undecimo</span> <span class='ocrx_word' id='word_1_24' title='bbox 956 653 1085 719; x_wconf 78' lang='lat' dir='ltr'>celerius</span> <span class='ocrx_word' id='word_1_25' title='bbox 1113 655 1176 738; x_wconf 86' lang='lat' dir='ltr'>legi</span> 
     </span>
     <span class='ocr_line' id='line_1_5' title="bbox 107 755 1176 843; baseline 0.001 -18"><span class='ocrx_word' id='word_1_26' title='bbox 107 760 269 843; x_wconf 87' lang='lat' dir='ltr'>multoque</span> <span class='ocrx_word' id='word_1_27' title='bbox 289 758 435 841; x_wconf 76' lang='lat' dir='ltr'>pauciora</span> <span class='ocrx_word' id='word_1_28' title='bbox 456 757 610 823; x_wconf 83' lang='lat' dir='ltr'>annotavi.</span> <span class='ocrx_word' id='word_1_29' title='bbox 654 755 739 821; x_wconf 87' lang='lat' dir='ltr'>Duos</span> <span class='ocrx_word' id='word_1_30' title='bbox 760 757 874 837; x_wconf 85' lang='lat' dir='ltr'>primos</span> <span class='ocrx_word' id='word_1_31' title='bbox 894 759 992 823; x_wconf 83' lang='lat' dir='ltr'>libros</span> <span class='ocrx_word' id='word_1_32' title='bbox 1013 763 1104 824; x_wconf 86' lang='lat' dir='ltr'>antea</span> <span class='ocrx_word' id='word_1_33' title='bbox 1125 761 1176 826; x_wconf 90' lang='lat' dir='ltr'>hio</span> 
     </span>
     <span class='ocr_line' id='line_1_6' title="bbox 107 860 1176 947; baseline 0 -16"><span class='ocrx_word' id='word_1_34' title='bbox 107 866 178 931; x_wconf 89' lang='lat' dir='ltr'>illio</span> <span class='ocrx_word' id='word_1_35' title='bbox 190 865 347 947; x_wconf 81' lang='lat' dir='ltr'>inspectos</span> <span class='ocrx_word' id='word_1_36' title='bbox 362 865 532 946; x_wconf 88' lang='lat' dir='ltr'>postremos</span> <span class='ocrx_word' id='word_1_37' title='bbox 546 862 618 945; x_wconf 82' lang='lat' dir='ltr'>legi.</span> <span class='ocrx_word' id='word_1_38' title='bbox 654 860 848 927; x_wconf 82' lang='lat' dir='ltr'>Straboniani</span> <span class='ocrx_word' id='word_1_39' title='bbox 870 864 968 946; x_wconf 84' lang='lat' dir='ltr'>operis</span> <span class='ocrx_word' id='word_1_40' title='bbox 993 865 1176 933; x_wconf 88' lang='lat' dir='ltr'>emendandi</span> 
     </span>
     <span class='ocr_line' id='line_1_7' title="bbox 106 968 1175 1054; baseline 0 -17"><span class='ocrx_word' id='word_1_41' title='bbox 106 971 248 1038; x_wconf 81' lang='lat' dir='ltr'>subsidia</span> <span class='ocrx_word' id='word_1_42' title='bbox 273 970 444 1035; x_wconf 85' lang='lat' dir='ltr'>Kramerus</span> <span class='ocrx_word' id='word_1_43' title='bbox 472 968 708 1052; x_wconf 80' lang='lat' dir='ltr'>diligentissime</span> <span class='ocrx_word' id='word_1_44' title='bbox 736 969 920 1052; x_wconf 80' lang='lat' dir='ltr'>conquisivit</span> <span class='ocrx_word' id='word_1_45' title='bbox 950 969 1175 1054; x_wconf 84' lang='lat' dir='ltr'>prudenterque</span> 
     </span>
     <span class='ocr_line' id='line_1_8' title="bbox 108 1073 1176 1158; baseline -0.002 -14"><span class='ocrx_word' id='word_1_46' title='bbox 108 1080 141 1144; x_wconf 91' lang='lat' dir='ltr'>et</span> <span class='ocrx_word' id='word_1_47' title='bbox 168 1080 260 1144; x_wconf 84' lang='lat' dir='ltr'>eunte</span> <span class='ocrx_word' id='word_1_48' title='bbox 293 1076 330 1140; x_wconf 90' lang='lat' dir='ltr'>de</span> <span class='ocrx_word' id='word_1_49' title='bbox 359 1075 513 1141; x_wconf 84' lang='lat' dir='ltr'>codicibus</span> <span class='ocrx_word' id='word_1_50' title='bbox 546 1073 736 1139; x_wconf 82' lang='lat' dir='ltr'>aestimandis</span> <span class='ocrx_word' id='word_1_51' title='bbox 768 1075 926 1153; x_wconf 80' lang='lat' dir='ltr'>disseruit,</span> <span class='ocrx_word' id='word_1_52' title='bbox 961 1095 1089 1158; x_wconf 91' lang='lat' dir='ltr'>quorum</span> <span class='ocrx_word' id='word_1_53' title='bbox 1125 1079 1176 1142; x_wconf 86' lang='lat' dir='ltr'>vel</span> 
     </span>
     <span class='ocr_line' id='line_1_9' title="bbox 106 1180 1177 1270; baseline -0.004 -18"><span class='ocrx_word' id='word_1_54' title='bbox 106 1185 218 1270; x_wconf 91' lang='lat' dir='ltr'>optimi</span> <span class='ocrx_word' id='word_1_55' title='bbox 251 1183 297 1258; x_wconf 78' lang='lat' dir='ltr'>(in</span> <span class='ocrx_word' id='word_1_56' title='bbox 318 1182 418 1263; x_wconf 91' lang='lat' dir='ltr'>priore</span> <span class='ocrx_word' id='word_1_57' title='bbox 438 1184 525 1264; x_wconf 88' lang='lat' dir='ltr'>parte</span> <span class='ocrx_word' id='word_1_58' title='bbox 538 1181 625 1255; x_wconf 85' lang='grc' dir='ltr'>ΑΒ,</span> <span class='ocrx_word' id='word_1_59' title='bbox 657 1180 690 1244; x_wconf 92' lang='lat' dir='ltr'>in</span> <span class='ocrx_word' id='word_1_60' title='bbox 709 1182 809 1246; x_wconf 82' lang='lat' dir='ltr'>ultera</span> <span class='ocrx_word' id='word_1_61' title='bbox 830 1181 945 1259; x_wconf 72' lang='grc' dir='ltr'>ΗΒΕ)</span> <span class='ocrx_word' id='word_1_62' title='bbox 985 1183 1112 1265; x_wconf 86' lang='lat' dir='ltr'>antiqua</span> <span class='ocrx_word' id='word_1_63' title='bbox 1145 1186 1177 1249; x_wconf 92' lang='lat' dir='ltr'>et</span> 
     </span>
     <span class='ocr_line' id='line_1_10' title="bbox 106 1272 1175 1377; baseline -0.001 -21"><span class='ocrx_word' id='word_1_64' title='bbox 106 1292 217 1377; x_wconf 84' lang='lat' dir='ltr'>gravia¹</span> <span class='ocrx_word' id='word_1_65' title='bbox 246 1289 360 1354; x_wconf 89' lang='lat' dir='ltr'>menda</span> <span class='ocrx_word' id='word_1_66' title='bbox 393 1287 523 1364; x_wconf 88' lang='lat' dir='ltr'>habent;</span> <span class='ocrx_word' id='word_1_67' title='bbox 562 1286 595 1350; x_wconf 91' lang='lat' dir='ltr'>in</span> <span class='ocrx_word' id='word_1_68' title='bbox 622 1286 700 1370; x_wconf 10' lang='lat' dir='ltr'>*ipsa</span> <span class='ocrx_word' id='word_1_69' title='bbox 730 1286 870 1362; x_wconf 80' lang='lat' dir='ltr'>oratione</span> <span class='ocrx_word' id='word_1_70' title='bbox 899 1272 1112 1354; x_wconf 81' lang='lat' dir='ltr'>constituenda</span> <span class='ocrx_word' id='word_1_71' title='bbox 1144 1294 1175 1355; x_wconf 90' lang='lat' dir='ltr'>et</span> 
     </span>
     <span class='ocr_line' id='line_1_11' title="bbox 106 1393 1175 1475; baseline -0.001 -12"><span class='ocrx_word' id='word_1_72' title='bbox 106 1397 303 1464; x_wconf 86' lang='lat' dir='ltr'>emendanda</span> <span class='ocrx_word' id='word_1_73' title='bbox 333 1394 393 1460; x_wconf 85' lang='lat' dir='ltr'>etsi</span> <span class='ocrx_word' id='word_1_74' title='bbox 420 1412 481 1458; x_wconf 92' lang='lat' dir='ltr'>non</span> <span class='ocrx_word' id='word_1_75' title='bbox 507 1411 604 1475; x_wconf 84' lang='lat' dir='ltr'>pauou</span> <span class='ocrx_word' id='word_1_76' title='bbox 630 1393 858 1471; x_wconf 73' lang='lat' dir='ltr'>pertinuerit,</span> <span class='ocrx_word' id='word_1_77' title='bbox 889 1394 1077 1460; x_wconf 85' lang='lat' dir='ltr'>tamennon</span> <span class='ocrx_word' id='word_1_78' title='bbox 1106 1415 1175 1462; x_wconf 86' lang='lat' dir='ltr'>raro</span> 
     </span>
     <span class='ocr_line' id='line_1_12' title="bbox 105 1497 1175 1577; baseline 0.002 -8"><span class='ocrx_word' id='word_1_79' title='bbox 105 1504 210 1569; x_wconf 88' lang='lat' dir='ltr'>minus</span> <span class='ocrx_word' id='word_1_80' title='bbox 231 1502 327 1567; x_wconf 91' lang='lat' dir='ltr'>libero</span> <span class='ocrx_word' id='word_1_81' title='bbox 354 1499 466 1564; x_wconf 86' lang='lat' dir='ltr'>iudicio</span> <span class='ocrx_word' id='word_1_82' title='bbox 492 1517 567 1577; x_wconf 87' lang='lat' dir='ltr'>usus</span> <span class='ocrx_word' id='word_1_83' title='bbox 594 1498 708 1563; x_wconf 83' lang='lat' dir='ltr'>menda</span> <span class='ocrx_word' id='word_1_84' title='bbox 728 1518 747 1563; x_wconf 83' lang='lat' dir='ltr'>a</span> <span class='ocrx_word' id='word_1_85' title='bbox 769 1497 865 1564; x_wconf 79' lang='lat' dir='ltr'>dorae</span> <span class='ocrx_word' id='word_1_86' title='bbox 887 1503 942 1564; x_wconf 87' lang='lat' dir='ltr'>aut</span> <span class='ocrx_word' id='word_1_87' title='bbox 964 1501 1057 1567; x_wconf 83' lang='lat' dir='ltr'>etiam</span> <span class='ocrx_word' id='word_1_88' title='bbox 1081 1501 1175 1575; x_wconf 80' lang='lat' dir='ltr'>Gros-</span> 
     </span>
     <span class='ocr_line' id='line_1_13' title="bbox 106 1595 1174 1686; baseline 0.001 -13"><span class='ocrx_word' id='word_1_89' title='bbox 106 1609 219 1674; x_wconf 84' lang='lat' dir='ltr'>kurdio</span> <span class='ocrx_word' id='word_1_90' title='bbox 247 1606 462 1672; x_wconf 81' lang='lat' dir='ltr'>animadversa</span> <span class='ocrx_word' id='word_1_91' title='bbox 492 1607 524 1670; x_wconf 88' lang='lat' dir='ltr'>et</span> <span class='ocrx_word' id='word_1_92' title='bbox 553 1605 667 1686; x_wconf 84' lang='lat' dir='ltr'>partim</span> <span class='ocrx_word' id='word_1_93' title='bbox 696 1605 818 1669; x_wconf 86' lang='lat' dir='ltr'>sublata</span> <span class='ocrx_word' id='word_1_94' title='bbox 848 1604 984 1671; x_wconf 88' lang='lat' dir='ltr'>defendit</span> <span class='ocrx_word' id='word_1_95' title='bbox 1018 1595 1174 1674; x_wconf 87' lang='lat' dir='ltr'>interdum</span> 
     </span>
     <span class='ocr_line' id='line_1_14' title="bbox 106 1709 1175 1799; baseline -0.001 -19"><span class='ocrx_word' id='word_1_96' title='bbox 106 1715 210 1799; x_wconf 86' lang='lat' dir='ltr'>pravis</span> <span class='ocrx_word' id='word_1_97' title='bbox 232 1711 393 1779; x_wconf 86' lang='lat' dir='ltr'>enarrandi</span> <span class='ocrx_word' id='word_1_98' title='bbox 415 1711 551 1777; x_wconf 86' lang='lat' dir='ltr'>artificiis</span> <span class='ocrx_word' id='word_1_99' title='bbox 574 1712 606 1774; x_wconf 93' lang='lat' dir='ltr'>et</span> <span class='ocrx_word' id='word_1_100' title='bbox 627 1710 780 1793; x_wconf 85' lang='lat' dir='ltr'>fingendo.</span> <span class='ocrx_word' id='word_1_101' title='bbox 820 1709 922 1774; x_wconf 86' lang='lat' dir='ltr'>Multa</span> <span class='ocrx_word' id='word_1_102' title='bbox 942 1711 1074 1778; x_wconf 84' lang='lat' dir='ltr'>felioiter</span> <span class='ocrx_word' id='word_1_103' title='bbox 1095 1715 1175 1780; x_wconf 88' lang='lat' dir='ltr'>Mei-</span> 
     </span>
     <span class='ocr_line' id='line_1_15' title="bbox 107 1815 1174 1900; baseline 0 -14"><span class='ocrx_word' id='word_1_104' title='bbox 107 1821 216 1886; x_wconf 86' lang='lat' dir='ltr'>nekins</span> <span class='ocrx_word' id='word_1_105' title='bbox 243 1818 389 1894; x_wconf 80' lang='lat' dir='ltr'>correxit3</span> <span class='ocrx_word' id='word_1_106' title='bbox 415 1837 451 1882; x_wconf 84' lang='lat' dir='ltr'>ex</span> <span class='ocrx_word' id='word_1_107' title='bbox 471 1816 521 1894; x_wconf 80' lang='lat' dir='ltr'>iis,</span> <span class='ocrx_word' id='word_1_108' title='bbox 543 1835 610 1898; x_wconf 86' lang='lat' dir='ltr'>quae</span> <span class='ocrx_word' id='word_1_109' title='bbox 631 1815 658 1880; x_wconf 88' lang='lat' dir='ltr'>is</span> <span class='ocrx_word' id='word_1_110' title='bbox 682 1833 801 1897; x_wconf 90' lang='lat' dir='ltr'>quoque</span> <span class='ocrx_word' id='word_1_111' title='bbox 815 1815 881 1879; x_wconf 81' lang='lat' dir='ltr'>-a&#39;ut</span> <span class='ocrx_word' id='word_1_112' title='bbox 901 1817 1026 1900; x_wconf 89' lang='lat' dir='ltr'>reliquit</span> <span class='ocrx_word' id='word_1_113' title='bbox 1047 1824 1102 1883; x_wconf 83' lang='lat' dir='ltr'>aut</span> <span class='ocrx_word' id='word_1_114' title='bbox 1115 1839 1174 1886; x_wconf 89' lang='lat' dir='ltr'>non</span> 
     </span>
     <span class='ocr_line' id='line_1_16' title="bbox 106 1921 1177 2009; baseline -0.001 -16"><span class='ocrx_word' id='word_1_115' title='bbox 106 1929 192 1993; x_wconf 85' lang='lat' dir='ltr'>reete</span> <span class='ocrx_word' id='word_1_116' title='bbox 216 1924 380 2009; x_wconf 80' lang='lat' dir='ltr'>expedivit,</span> <span class='ocrx_word' id='word_1_117' title='bbox 403 1943 470 2006; x_wconf 85' lang='lat' dir='ltr'>quae</span> <span class='ocrx_word' id='word_1_118' title='bbox 492 1922 579 1988; x_wconf 88' lang='lat' dir='ltr'>nobis</span> <span class='ocrx_word' id='word_1_119' title='bbox 601 1921 742 1986; x_wconf 86' lang='lat' dir='ltr'>videmur</span> <span class='ocrx_word' id='word_1_120' title='bbox 762 1923 844 1986; x_wconf 89' lang='lat' dir='ltr'>reete</span> <span class='ocrx_word' id='word_1_121' title='bbox 868 1922 1123 1997; x_wconf 85' lang='lat' dir='ltr'>animadvertisse</span> <span class='ocrx_word' id='word_1_122' title='bbox 1143 1929 1177 1992; x_wconf 86' lang='lat' dir='ltr'>et</span> 
     </span>
     <span class='ocr_line' id='line_1_17' title="bbox 107 2028 674 2114; baseline -0.011 -17"><span class='ocrx_word' id='word_1_123' title='bbox 107 2031 299 2104; x_wconf 80' lang='lat' dir='ltr'>emendasse,</span> <span class='ocrx_word' id='word_1_124' title='bbox 322 2048 389 2114; x_wconf 83' lang='lat' dir='ltr'>age,</span> <span class='ocrx_word' id='word_1_125' title='bbox 411 2047 639 2113; x_wconf 83' lang='lat' dir='ltr'>persequamur.</span> <span class='ocrx_word' id='word_1_126' title='bbox 649 2028 674 2105; x_wconf 88' lang='lat'>¹)</span> 
     </span>
    </p>

    <p class='ocr_par' dir='ltr' id='par_1_3' title="bbox 105 2129 1174 2540">
     <span class='ocr_line' id='line_1_18' title="bbox 208 2129 1173 2243; baseline 0 -41"><span class='ocrx_word' id='word_1_127' title='bbox 208 2137 278 2202; x_wconf 86' lang='lat' dir='ltr'>Lib.</span> <span class='ocrx_word' id='word_1_128' title='bbox 300 2138 317 2201; x_wconf 94' lang='lat' dir='ltr'>I</span> <span class='ocrx_word' id='word_1_129' title='bbox 343 2158 373 2219; x_wconf 89' lang='lat' dir='ltr'>p.</span> <span class='ocrx_word' id='word_1_130' title='bbox 395 2137 416 2196; x_wconf 85' lang='lat'>4</span> <span class='ocrx_word' id='word_1_131' title='bbox 438 2134 609 2200; x_wconf 68' lang='lat' dir='ltr'>casauboni</span> <span class='ocrx_word' id='word_1_132' title='bbox 631 2133 669 2216; x_wconf 89' lang='grc' dir='ltr'>(ο.</span> <span class='ocrx_word' id='word_1_133' title='bbox 696 2134 713 2193; x_wconf 94' lang='grc'>1</span> <span class='ocrx_word' id='word_1_134' title='bbox 737 2133 755 2216; x_wconf 58' lang='grc' dir='ltr'>ᾗ</span> <span class='ocrx_word' id='word_1_135' title='bbox 777 2135 826 2229; x_wconf 56' lang='lat' dir='ltr'>it:</span> <span class='ocrx_word' id='word_1_136' title='bbox 855 2136 937 2207; x_wconf 80' lang='grc' dir='ltr'><strong><em>Τοῖς</em></strong></span> <span class='ocrx_word' id='word_1_137' title='bbox 957 2129 1029 2220; x_wconf 63' lang='grc' dir='ltr'>γάρ</span> <span class='ocrx_word' id='word_1_138' title='bbox 1052 2139 1173 2243; x_wconf 60' lang='grc' dir='ltr'><strong><em>πέοοισι</em></strong></span> 
     </span>
     <span class='ocr_line' id='line_1_19' title="bbox 106 2232 1174 2326; baseline 0.002 -17"><span class='ocrx_word' id='word_1_139' title='bbox 106 2245 202 2324; x_wconf 80' lang='grc' dir='ltr'><strong><em>(πᾶσι</em></strong></span> <span class='ocrx_word' id='word_1_140' title='bbox 225 2245 310 2308; x_wconf 88' lang='lat' dir='ltr'>reete</span> <span class='ocrx_word' id='word_1_141' title='bbox 332 2261 392 2307; x_wconf 84' lang='lat' dir='ltr'>om.</span> <span class='ocrx_word' id='word_1_142' title='bbox 407 2242 435 2305; x_wconf 93' lang='lat' dir='ltr'><strong>B</strong></span> <span class='ocrx_word' id='word_1_143' title='bbox 448 2240 485 2320; x_wconf 79' lang='lat' dir='ltr'>O)</span> <span class='ocrx_word' id='word_1_144' title='bbox 508 2235 648 2324; x_wconf 77' lang='grc' dir='ltr'><strong><em>συνήθη</em></strong></span> <span class='ocrx_word' id='word_1_145' title='bbox 671 2241 759 2326; x_wconf 73' lang='grc' dir='ltr'><strong><em>λέγει</em></strong></span> <span class='ocrx_word' id='word_1_146' title='bbox 781 2232 1052 2323; x_wconf 70' lang='grc' dir='ltr'><strong><em>οόνᾭκεοινόν,</em></strong></span> <span class='ocrx_word' id='word_1_147' title='bbox 1074 2240 1115 2309; x_wconf 76' lang='grc' dir='ltr'><strong><em>σοι’</em></strong></span> <span class='ocrx_word' id='word_1_148' title='bbox 1140 2244 1174 2311; x_wconf 73' lang='grc' dir='ltr'>δὲ</span> 
     </span>
     <span class='ocr_line' id='line_1_20' title="bbox 105 2338 1173 2435; baseline -0.001 -19"><span class='ocrx_word' id='word_1_149' title='bbox 105 2355 237 2435; x_wconf 80' lang='grc' dir='ltr'><strong><em>πέρατα</em></strong></span> <span class='ocrx_word' id='word_1_150' title='bbox 261 2343 370 2434; x_wconf 73' lang='grc' dir='ltr'><strong><em>κύκλῳ</em></strong></span> <span class='ocrx_word' id='word_1_151' title='bbox 394 2347 592 2432; x_wconf 76' lang='grc' dir='ltr'><strong><em>περίκειται.</em></strong></span> <span class='ocrx_word' id='word_1_152' title='bbox 625 2347 712 2411; x_wconf 87' lang='lat' dir='ltr'>Nihil</span> <span class='ocrx_word' id='word_1_153' title='bbox 723 2348 774 2411; x_wconf 84' lang='lat' dir='ltr'>est</span> <span class='ocrx_word' id='word_1_154' title='bbox 786 2338 945 2432; x_wconf 64' lang='grc' dir='ltr'><strong><em>σονήθηέ</em></strong></span> <span class='ocrx_word' id='word_1_155' title='bbox 953 2362 1025 2421; x_wconf 78' lang='grc' dir='ltr'><strong><em>τοῖς</em></strong></span> <span class='ocrx_word' id='word_1_156' title='bbox 1041 2352 1173 2435; x_wconf 84' lang='grc' dir='ltr'><strong><em>πέρασι.</em></strong></span> 
     </span>
     <span class='ocr_line' id='line_1_21' title="bbox 105 2445 1174 2540; baseline -0.004 -17"><span class='ocrx_word' id='word_1_157' title='bbox 105 2457 187 2525; x_wconf 73' lang='lat' dir='ltr'>Son:</span> <span class='ocrx_word' id='word_1_158' title='bbox 212 2458 427 2539; x_wconf 73' lang='grc' dir='ltr'><strong><em>συνῆφθαι</em></strong></span> <span class='ocrx_word' id='word_1_159' title='bbox 449 2457 537 2540; x_wconf 81' lang='grc' dir='ltr'><strong><em>λέγει</em></strong></span> <span class='ocrx_word' id='word_1_160' title='bbox 549 2450 611 2520; x_wconf 78' lang='grc' dir='ltr'>οόν</span> <span class='ocrx_word' id='word_1_161' title='bbox 624 2445 809 2522; x_wconf 78' lang='grc' dir='ltr'><strong><em>Ὠκεανόν.</em></strong></span> <span class='ocrx_word' id='word_1_162' title='bbox 833 2453 963 2536; x_wconf 59' lang='lat' dir='ltr'>Oinpd,</span> <span class='ocrx_word' id='word_1_163' title='bbox 975 2457 1033 2533; x_wconf 75' lang='lat' dir='ltr'>el,</span> <span class='ocrx_word' id='word_1_164' title='bbox 1048 2457 1174 2526; x_wconf 77' lang='lat' dir='ltr'>15med.</span> 
     </span>
    </p>

    <p class='ocr_par' dir='ltr' id='par_1_4' title="bbox 105 2553 1174 3071">
     <span class='ocr_line' id='line_1_22' title="bbox 207 2553 1174 2650; baseline 0.007 -26"><span class='ocrx_word' id='word_1_165' title='bbox 207 2561 307 2629; x_wconf 84' lang='lat' dir='ltr'>Ibd.6</span> <span class='ocrx_word' id='word_1_166' title='bbox 330 2565 370 2641; x_wconf 78' lang='lat'>(1,</span> <span class='ocrx_word' id='word_1_167' title='bbox 392 2563 443 2640; x_wconf 82' lang='lat'>9):</span> <span class='ocrx_word' id='word_1_168' title='bbox 472 2553 595 2644; x_wconf 77' lang='grc' dir='ltr'><em>Ἡμεῖς</em></span> <span class='ocrx_word' id='word_1_169' title='bbox 619 2559 654 2624; x_wconf 77' lang='grc' dir='ltr'>δὲ</span> <span class='ocrx_word' id='word_1_170' title='bbox 675 2555 736 2624; x_wconf 79' lang='grc' dir='ltr'>τόν</span> <span class='ocrx_word' id='word_1_171' title='bbox 757 2564 821 2641; x_wconf 81' lang='grc' dir='ltr'>μὲν</span> <span class='ocrx_word' id='word_1_172' title='bbox 843 2555 1074 2647; x_wconf 73' lang='grc' dir='ltr'><strong><em>πλιίωλόνον</em></strong></span> <span class='ocrx_word' id='word_1_173' title='bbox 1095 2567 1174 2650; x_wconf 74' lang='grc' dir='ltr'><strong><em>περὶ</em></strong></span> 
     </span>
     <span class='ocr_line' id='line_1_23' title="bbox 105 2657 1174 2752; baseline -0.003 -15"><span class='ocrx_word' id='word_1_174' title='bbox 105 2672 167 2738; x_wconf 80' lang='grc' dir='ltr'>τοῦ</span> <span class='ocrx_word' id='word_1_175' title='bbox 190 2663 343 2735; x_wconf 69' lang='grc' dir='ltr'><strong><em>οἶκεοινοὺ</em></strong></span> <span class='ocrx_word' id='word_1_176' title='bbox 368 2720 374 2733; x_wconf 95' lang='grc'><strong>.</strong></span> <span class='ocrx_word' id='word_1_177' title='bbox 398 2720 406 2735; x_wconf 91' lang='grc'><strong>.</strong></span> <span class='ocrx_word' id='word_1_178' title='bbox 431 2713 439 2729; x_wconf 86' lang='grc'><strong>.</strong></span> <span class='ocrx_word' id='word_1_179' title='bbox 465 2673 514 2739; x_wconf 79' lang='grc' dir='ltr'>εἰς</span> <span class='ocrx_word' id='word_1_180' title='bbox 536 2657 772 2733; x_wconf 72' lang='grc' dir='ltr'><strong><em>Ποσειδώνιον</em></strong></span> <span class='ocrx_word' id='word_1_181' title='bbox 794 2660 1069 2752; x_wconf 69' lang='grc' dir='ltr'><strong><em>οἶκοιβοιλλόιιεθιι</em></strong></span> <span class='ocrx_word' id='word_1_182' title='bbox 1093 2721 1128 2737; x_wconf 92' lang='grc'>..</span> <span class='ocrx_word' id='word_1_183' title='bbox 1151 2717 1174 2747; x_wconf 84' lang='lat'>.,</span> 
     </span>
     <span class='ocr_line' id='line_1_24' title="bbox 106 2766 1174 2860; baseline 0.004 -18"><span class='ocrx_word' id='word_1_184' title='bbox 106 2777 233 2849; x_wconf 75' lang='grc' dir='ltr'><strong><em>ἱκανῶς</em></strong></span> <span class='ocrx_word' id='word_1_185' title='bbox 255 2767 548 2860; x_wconf 77' lang='grc' dir='ltr'><strong><em>διοικροιοήσοιντοις</em></strong></span> <span class='ocrx_word' id='word_1_186' title='bbox 579 2767 641 2839; x_wconf 77' lang='grc' dir='ltr'>τόν</span> <span class='ocrx_word' id='word_1_187' title='bbox 670 2774 749 2856; x_wconf 83' lang='grc' dir='ltr'><strong><em>περὶ</em></strong></span> <span class='ocrx_word' id='word_1_188' title='bbox 782 2766 914 2840; x_wconf 76' lang='grc' dir='ltr'><strong><em>τούτων</em></strong></span> <span class='ocrx_word' id='word_1_189' title='bbox 948 2770 1060 2860; x_wconf 74' lang='grc' dir='ltr'><strong><em>λόγον.</em></strong></span> <span class='ocrx_word' id='word_1_190' title='bbox 1113 2778 1174 2847; x_wconf 80' lang='lat' dir='ltr'>Pro</span> 
     </span>
     <span class='ocr_line' id='line_1_25' title="bbox 106 2871 1172 2966; baseline -0.001 -17"><span class='ocrx_word' id='word_1_191' title='bbox 106 2885 250 2966; x_wconf 76' lang='lat' dir='ltr'>eonupto</span> <span class='ocrx_word' id='word_1_192' title='bbox 283 2875 576 2965; x_wconf 80' lang='grc' dir='ltr'><strong><em>(λιακροιτηόοιντοις</em></strong></span> <span class='ocrx_word' id='word_1_193' title='bbox 611 2878 702 2945; x_wconf 79' lang='lat' dir='ltr'>scrib·</span> <span class='ocrx_word' id='word_1_194' title='bbox 741 2871 1060 2962; x_wconf 68' lang='grc' dir='ltr'><strong><em>διαιτήσονται.</em></strong></span> <span class='ocrx_word' id='word_1_195' title='bbox 1110 2882 1172 2949; x_wconf 79' lang='lat' dir='ltr'>On.</span> 
     </span>
     <span class='ocr_line' id='line_1_26' title="bbox 106 2986 663 3071; baseline 0 -21"><span class='ocrx_word' id='word_1_196' title='bbox 106 3009 135 3071; x_wconf 87' lang='lat' dir='ltr'>p.</span> <span class='ocrx_word' id='word_1_197' title='bbox 158 2991 200 3050; x_wconf 82' lang='lat'>14</span> <span class='ocrx_word' id='word_1_198' title='bbox 223 2988 308 3062; x_wconf 73' lang='lat' dir='ltr'>extr„</span> <span class='ocrx_word' id='word_1_199' title='bbox 332 2986 381 3061; x_wconf 89' lang='grc'>94,</span> <span class='ocrx_word' id='word_1_200' title='bbox 407 2987 466 3049; x_wconf 88' lang='grc'>103</span> <span class='ocrx_word' id='word_1_201' title='bbox 490 2990 521 3051; x_wconf 89' lang='lat' dir='ltr'>et</span> <span class='ocrx_word' id='word_1_202' title='bbox 543 2986 663 3068; x_wconf 83' lang='lat' dir='ltr'>saepius.</span> 
     </span>
    </p>

    <p class='ocr_par' dir='ltr' id='par_1_5' title="bbox 107 3091 1173 3604">
     <span class='ocr_line' id='line_1_27' title="bbox 207 3091 1173 3178; baseline -0.001 -19"><span class='ocrx_word' id='word_1_203' title='bbox 207 3095 276 3160; x_wconf 83' lang='lat' dir='ltr'>lod.</span> <span class='ocrx_word' id='word_1_204' title='bbox 299 3093 406 3158; x_wconf 81' lang='lat' dir='ltr'>eadem</span> <span class='ocrx_word' id='word_1_205' title='bbox 432 3113 501 3177; x_wconf 84' lang='lat' dir='ltr'>pag.</span> <span class='ocrx_word' id='word_1_206' title='bbox 536 3092 668 3172; x_wconf 78' lang='lat'>(1‚10):</span> <span class='ocrx_word' id='word_1_207' title='bbox 718 3091 897 3174; x_wconf 75' lang='grc' dir='ltr'>Αἴγυπτος</span> <span class='ocrx_word' id='word_1_208' title='bbox 929 3093 984 3157; x_wconf 85' lang='grc' dir='ltr'>καὶ</span> <span class='ocrx_word' id='word_1_209' title='bbox 1019 3093 1173 3178; x_wconf 79' lang='grc' dir='ltr'><strong><em>Φοινίκη,</em></strong></span> 
     </span>
     <span class='ocr_line' id='line_1_28' title="bbox 107 3191 1171 3285; baseline -0.002 -19"><span class='ocrx_word' id='word_1_210' title='bbox 107 3202 180 3283; x_wconf 76' lang='grc' dir='ltr'>ἑξῆς</span> <span class='ocrx_word' id='word_1_211' title='bbox 202 3201 237 3266; x_wconf 67' lang='lat' dir='ltr'>oi</span> <span class='ocrx_word' id='word_1_212' title='bbox 262 3195 284 3285; x_wconf 79' lang='grc' dir='ltr'><em>ἡ</em></span> <span class='ocrx_word' id='word_1_213' title='bbox 308 3203 403 3284; x_wconf 78' lang='grc' dir='ltr'><strong><em>πέριξ</em></strong></span> <span class='ocrx_word' id='word_1_214' title='bbox 424 3200 485 3282; x_wconf 76' lang='grc' dir='ltr'>πῆς</span> <span class='ocrx_word' id='word_1_215' title='bbox 506 3194 674 3281; x_wconf 74' lang='grc' dir='ltr'><strong><em>Κύπρου,</em></strong></span> <span class='ocrx_word' id='word_1_216' title='bbox 697 3196 768 3262; x_wconf 79' lang='grc' dir='ltr'><strong><em>εἶτα</em></strong></span> <span class='ocrx_word' id='word_1_217' title='bbox 793 3191 945 3284; x_wconf 79' lang='grc' dir='ltr'><strong><em>Σόλυμοι</em></strong></span> <span class='ocrx_word' id='word_1_218' title='bbox 968 3199 1022 3263; x_wconf 82' lang='grc' dir='ltr'><strong><em>κοιλ</em></strong></span> <span class='ocrx_word' id='word_1_219' title='bbox 1044 3195 1171 3266; x_wconf 80' lang='grc' dir='ltr'><strong><em>Λύκιοι</em></strong></span> 
     </span>
     <span class='ocr_line' id='line_1_29' title="bbox 108 3297 1171 3391; baseline -0.003 -17"><span class='ocrx_word' id='word_1_220' title='bbox 108 3311 160 3374; x_wconf 84' lang='grc' dir='ltr'>καὶ</span> <span class='ocrx_word' id='word_1_221' title='bbox 189 3308 318 3391; x_wconf 77' lang='grc' dir='ltr'><em>Κᾶρες.</em></span> <span class='ocrx_word' id='word_1_222' title='bbox 377 3305 482 3389; x_wconf 64' lang='lat' dir='ltr'>Ilipa}</span> <span class='ocrx_word' id='word_1_223' title='bbox 515 3306 576 3388; x_wconf 76' lang='grc' dir='ltr'>τῆς</span> <span class='ocrx_word' id='word_1_224' title='bbox 600 3297 747 3390; x_wconf 74' lang='grc' dir='ltr'><strong><em>Κύπρον</em></strong></span> <span class='ocrx_word' id='word_1_225' title='bbox 779 3304 879 3368; x_wconf 53' lang='grc' dir='ltr'>πολλοι1</span> <span class='ocrx_word' id='word_1_226' title='bbox 896 3307 944 3370; x_wconf 81' lang='lat' dir='ltr'>est</span> <span class='ocrx_word' id='word_1_227' title='bbox 975 3323 1047 3387; x_wconf 84' lang='lat' dir='ltr'>pars</span> <span class='ocrx_word' id='word_1_228' title='bbox 1070 3306 1171 3386; x_wconf 69' lang='lat' dir='ltr'>buida,</span> 
     </span>
     <span class='ocr_line' id='line_1_30' title="bbox 107 3405 1172 3497; baseline -0.002 -18"><span class='ocrx_word' id='word_1_229' title='bbox 107 3433 199 3497; x_wconf 86' lang='lat' dir='ltr'>quam</span> <span class='ocrx_word' id='word_1_230' title='bbox 221 3413 333 3479; x_wconf 82' lang='lat' dir='ltr'>Strabo</span> <span class='ocrx_word' id='word_1_231' title='bbox 355 3412 561 3495; x_wconf 88' lang='lat' dir='ltr'>persequitur,</span> <span class='ocrx_word' id='word_1_232' title='bbox 588 3430 655 3476; x_wconf 86' lang='lat' dir='ltr'>orae.</span> <span class='ocrx_word' id='word_1_233' title='bbox 711 3409 827 3481; x_wconf 67' lang='lat' dir='ltr'>Serio:</span> <span class='ocrx_word' id='word_1_234' title='bbox 863 3405 886 3495; x_wconf 76' lang='grc' dir='ltr'><em>ἡ</em></span> <span class='ocrx_word' id='word_1_235' title='bbox 919 3412 1077 3494; x_wconf 62' lang='lat' dir='ltr'>napata</span> <span class='ocrx_word' id='word_1_236' title='bbox 1110 3413 1172 3497; x_wconf 74' lang='grc' dir='ltr'>τῆς</span> 
     </span>
     <span class='ocr_line' id='line_1_31' title="bbox 107 3514 1172 3604; baseline -0.001 -18"><span class='ocrx_word' id='word_1_237' title='bbox 107 3514 264 3604; x_wconf 78' lang='grc' dir='ltr'><strong><em>Κύπρου,</em></strong></span> <span class='ocrx_word' id='word_1_238' title='bbox 294 3538 366 3600; x_wconf 87' lang='lat' dir='ltr'>pars</span> <span class='ocrx_word' id='word_1_239' title='bbox 388 3518 572 3584; x_wconf 79' lang='lat' dir='ltr'>continentis</span> <span class='ocrx_word' id='word_1_240' title='bbox 596 3516 694 3602; x_wconf 83' lang='lat' dir='ltr'>Cypro</span> <span class='ocrx_word' id='word_1_241' title='bbox 717 3518 847 3596; x_wconf 76' lang='lat' dir='ltr'>obieeta,</span> <span class='ocrx_word' id='word_1_242' title='bbox 878 3537 945 3600; x_wconf 84' lang='lat' dir='ltr'>qnae</span> <span class='ocrx_word' id='word_1_243' title='bbox 967 3518 1093 3584; x_wconf 83' lang='lat' dir='ltr'>confinis</span> <span class='ocrx_word' id='word_1_244' title='bbox 1114 3519 1172 3585; x_wconf 88' lang='lat' dir='ltr'>So-</span> 
     </span>
    </p>
   </div>
   <div class='ocr_carea' id='block_1_3' title="bbox 108 3727 305 3735">
    <p class='ocr_par' dir='ltr' id='par_1_6' title="bbox 108 3727 305 3735">
     <span class='ocr_line' id='line_1_32' title="bbox 108 3727 305 3735; baseline -0.015 0"><span class='ocrx_word' id='word_1_245' title='bbox 108 3728 141 3735; x_wconf 69' lang='lat'>·-</span> <span class='ocrx_word' id='word_1_246' title='bbox 151 3728 215 3733; x_wconf 78' lang='lat'><em>--.--</em></span> <span class='ocrx_word' id='word_1_247' title='bbox 220 3727 276 3732; x_wconf 68' lang='grc'>.-.-</span> <span class='ocrx_word' id='word_1_248' title='bbox 284 3727 305 3732; x_wconf 76' lang='lat'>--</span> 
     </span>
    </p>
   </div>
   <div class='ocr_carea' id='block_1_4' title="bbox 137 3866 1216 4118">
    <p class='ocr_par' dir='ltr' id='par_1_7' title="bbox 137 3866 1216 4118">
     <span class='ocr_line' id='line_1_33' title="bbox 137 3866 1170 3948; baseline 0.002 -18"><span class='ocrx_word' id='word_1_249' title='bbox 137 3876 159 3944; x_wconf 87' lang='lat'>¹)</span> <span class='ocrx_word' id='word_1_250' title='bbox 177 3877 306 3946; x_wconf 75' lang='lat' dir='ltr'>Exemplo</span> <span class='ocrx_word' id='word_1_251' title='bbox 323 3877 436 3932; x_wconf 85' lang='lat' dir='ltr'>Parisiis</span> <span class='ocrx_word' id='word_1_252' title='bbox 453 3877 524 3948; x_wconf 88' lang='lat' dir='ltr'>apud</span> <span class='ocrx_word' id='word_1_253' title='bbox 534 3878 665 3934; x_wconf 84' lang='lat' dir='ltr'>Didotum</span> <span class='ocrx_word' id='word_1_254' title='bbox 687 3880 760 3935; x_wconf 88' lang='lat' dir='ltr'>edito</span> <span class='ocrx_word' id='word_1_255' title='bbox 778 3879 935 3935; x_wconf 86' lang='lat' dir='ltr'>aMuellero</span> <span class='ocrx_word' id='word_1_256' title='bbox 953 3878 995 3933; x_wconf 80' lang='lat' dir='ltr'>nti</span> <span class='ocrx_word' id='word_1_257' title='bbox 1013 3886 1067 3933; x_wconf 83' lang='lat' dir='ltr'>non</span> <span class='ocrx_word' id='word_1_258' title='bbox 1085 3866 1170 3948; x_wconf 81' lang='lat' dir='ltr'>potui,</span> 
     </span>
     <span class='ocr_line' id='line_1_34' title="bbox 176 3969 1216 4043; baseline 0.001 -18"><span class='ocrx_word' id='word_1_259' title='bbox 176 3987 208 4025; x_wconf 87' lang='lat' dir='ltr'>ex</span> <span class='ocrx_word' id='word_1_260' title='bbox 232 3985 285 4038; x_wconf 88' lang='lat' dir='ltr'>qno</span> <span class='ocrx_word' id='word_1_261' title='bbox 307 3969 376 4025; x_wconf 87' lang='lat' dir='ltr'>mihi</span> <span class='ocrx_word' id='word_1_262' title='bbox 402 3985 463 4025; x_wconf 79' lang='lat' dir='ltr'>casu</span> <span class='ocrx_word' id='word_1_263' title='bbox 490 3971 610 4026; x_wconf 89' lang='lat' dir='ltr'>innotuit</span> <span class='ocrx_word' id='word_1_264' title='bbox 637 3972 745 4041; x_wconf 77' lang='lat' dir='ltr'>egregia</span> <span class='ocrx_word' id='word_1_265' title='bbox 771 3973 800 4027; x_wconf 92' lang='lat' dir='ltr'>in</span> <span class='ocrx_word' id='word_1_266' title='bbox 818 3972 882 4028; x_wconf 87' lang='lat' dir='ltr'>libr.</span> <span class='ocrx_word' id='word_1_267' title='bbox 900 3973 944 4028; x_wconf 90' lang='lat'>111</span> <span class='ocrx_word' id='word_1_268' title='bbox 962 3989 990 4043; x_wconf 85' lang='lat' dir='ltr'>p.</span> <span class='ocrx_word' id='word_1_269' title='bbox 1008 3974 1061 4028; x_wconf 83' lang='lat'>155</span> <span class='ocrx_word' id='word_1_270' title='bbox 1085 3974 1121 4039; x_wconf 87' lang='lat'>(3,</span> <span class='ocrx_word' id='word_1_271' title='bbox 1142 3974 1172 4040; x_wconf 79' lang='grc'>7)</span> <span class='ocrx_word' id='word_1_272' title='bbox 1211 3992 1216 4001; x_wconf 85' lang='grc'><strong><em>·</em></strong></span> 
     </span>
     <span class='ocr_line' id='line_1_35' title="bbox 176 4062 955 4118; baseline -0.006 -1"><span class='ocrx_word' id='word_1_273' title='bbox 176 4062 337 4118; x_wconf 82' lang='lat' dir='ltr'>emendatio.</span> <span class='ocrx_word' id='word_1_274' title='bbox 951 4088 955 4095; x_wconf 67' lang='grc'><strong><em>«</em></strong></span> 
     </span>
    </p>
   </div>
   <div class='ocr_carea' id='block_1_5' title="bbox 0 0 1294 4530">
    <p class='ocr_par' dir='ltr' id='par_1_8' title="bbox 0 0 1294 4530">
     <span class='ocr_line' id='line_1_36' title="bbox 0 0 1294 4530; baseline 0 0"><span class='ocrx_word' id='word_1_275' title='bbox 0 0 1294 4530; x_wconf 95' lang='lat' dir='ltr'> </span> 
     </span>
    </p>
   </div>
  </div>
 </body>
</html>
