2580 4530
220 213 281 306 5'94
642 236 703 292 Lib.
721 235 768 292 Π.

179 442 340 508 καλοίσαι
383 432 437 505 dta'
478 431 632 522 κήρυκος.
655 492 663 505 .
689 423 802 504 Anisus
840 432 1059 520 λαμβάνουσι
1092 461 1124 502 ν.
1153 461 1183 502 τ.
1208 437 1236 504 λ.

178 540 414 613 Κατελαήνειν
433 544 627 611 intransitive
648 540 762 606 dicitnr
782 541 820 607 de
842 560 918 608 nave
938 543 1035 609 remis
1056 542 1207 628 propulsa

276 651 344 717 Ibd.
385 654 422 714 16
468 653 557 716 em:
608 641 762 734 ὁρμήσας
803 642 868 733 γαρ
911 639 958 733 ήν
1005 656 1145 735 ἔνεργος
1185 649 1236 713 ναὶ

178 751 391 843 δραστήριος,
413 757 579 842 τολμήσαι
602 756 637 821 δὲ
658 749 831 839 μολλήσής
853 756 909 821 καὶ
931 751 1096 840 ἄτολμος.
1134 754 1236 838 Neque

176 865 262 930 recte
273 863 586 947 contrariaponuntnr
607 854 762 945 ὁρμήσας
782 863 814 926 et
835 863 1013 946 τολμήσαι,
1041 871 1118 945 qnae'
1135 859 1238 927 eodem

175 971 328 1054 speciant,
349 989 448 1054 neque
470 969 573 1051 ngitm
593 967 623 1032 h.
644 968 665 1032 l.
695 967 733 1032 de
760 958 870 1056 τόλμῃ
899 986 998 1052 neque
1023 968 1111 1032 recte
1132 966 1240 1032 dicitur

177 1079 345 1163 τολμήσαι
369 1073 526 1159 ἄτολμος,
555 1075 614 1139 etsi
634 1073 667 1136 id
688 1072 940 1159 sisinchaefems
959 1073 1136 1139 defendisse
1157 1071 1238 1138 ride-

176 1187 236 1249 tm.
270 1182 382 1249 Scriba
406 1173 588 1263 ὁρμήσαι
611 1180 645 1244 δὲ
672 1182 793 1245 πολ.
831 1178 992 1245 Contraria
1006 1178 1240 1261 sunitomporis

176 1292 349 1354 momente:
384 1286 510 1366 Quando
526 1304 558 1351 se
570 1289 747 1359 commorat,
771 1296 867 1351 navus
883 1288 959 1361 eret
980 1284 1035 1352 sed
1050 1285 1142 1351 adse
1156 1302 1239 1349 com·

176 1393 363 1461 movendum
385 1394 541 1457 cunctator
563 1394 594 1456 et
614 1390 752 1456 timidus.
1077 1460 1079 1465 ,

277 1499 344 1564 Ibd.
358 1500 395 1561 17
410 1497 490 1564 med.
512 1497 593 1563 siin
615 1498 677 1563 his:
700 1499 789 1563 ἑλεῖν
809 1501 875 1582 μὲν
898 1499 1114 1583 τριακοσίους
1136 1515 1239 1564 vorum

178 1609 226 1671 est
245 1609 328 1688 μέν,
361 1604 552 1688 significatur
575 1604 699 1686 partitio
728 1604 767 1669 ad
794 1605 877 1671 solos
898 1600 981 1678 τούς
1002 1595 1153 1691 λογάδας
1173 1622 1239 1689 per·

176 1712 280 1776 tineus
292 1711 462 1793 exciditque
476 1709 592 1792 aliquid
609 1711 647 1775 ob
661 1710 710 1774 bis
724 1711 857 1793 positum
872 1712 1031 1776 numerale
1049 1711 1084 1774 in
1106 1711 1239 1781 αοοίοος

177 1819 295 1883 exiense
336 1815 540 1900 (Thucydides
569 1818 690 1880 tantum
719 1816 895 1899 interfectos
921 1819 1076 1882 trecentos
1105 1834 1238 1883 comme·

177 1928 293 2002 morat,
323 1922 404 1987 unde
426 1921 621 1988 scribendum
642 1921 740 1987 videri
760 1923 861 2005 possit
881 1915 1017 1988 α’νελοῑν
1039 1941 1113 1987 cnm
1136 1922 1238 1999 Corne,

178 2031 278 2096 deleto
305 2034 380 2114 μέν.
437 2028 554 2093 Sedis
583 2046 621 2091 ne
647 2028 819 2110 equitatum
851 2029 976 2112 quidem
1004 2027 1237 2100 commemorat

177 2139 282 2219 itaque
304 2137 455 2201 Timaenm
478 2135 531 2197 aut
552 2132 719 2198 Philistum
741 2134 927 2201 Plutarchus
950 2135 1075 2201 seontns
1099 2136 1172 2217 est.)

278 2240 346 2305 Ibd.
371 2240 409 2301 19
423 2224 510 2321 ‘quod
533 2237 701 2305 Schaeferns
723 2241 832 2306 timide
855 2242 1028 2324 suspicatus
1049 2242 1115 2318 est,
1148 2239 1238 2306 verbe

177 2347 232 2410 ἐπὶ
255 2341 336 2418 τούς
358 2339 573 2428 Ἀθηναίους
587 2345 684 2410 altero
695 2346 761 2412 loco
774 2349 937 2431 (θέμενος
948 2347 1008 2412 ’ἐπὶ
1022 2339 1106 2419 σούς
1128 2339 1238 2430 Ἀθή-

177 2452 295 2524 veloce
323 2446 341 2517 ό
365 2444 544 2523 Γύλιππος
565 2446 607 2515 σοι’
630 2448 733 2531 ὅπλα)
763 2470 799 2515 ex
826 2454 978 2538 superiore
998 2471 1090 2518 versu
1118 2457 1238 2537 (παρο-

178 2559 385 2642 σσπαμμένος
412 2558 467 2621 ἐπὶ
502 2551 583 2629 τούς
610 2551 838 2642 Ἀθηναίους)
873 2577 965 2642 prave
996 2559 1131 2640 repetita
1163 2577 1238 2634 esso,

177 2663 384 2729 certissimum
405 2664 568 2742 indicabit,
599 2665 652 2746 qui
674 2664 759 2739 sciet,
789 2662 862 2747 qnid
884 2663 926 2728 sit
952 2659 1043 2729 ὅπλα
1070 2664 1238 2730 τίθεσθαι

177 2769 254 2853 (vid.
278 2768 317 2832 ad
337 2768 427 2834 Diod.
445 2768 506 2834 Sic.
529 2768 599 2848 XX,
621 2770 688 2847 31).
731 2768 877 2834 Eiusdem
900 2770 1010 2835 erroris
1032 2789 1126 2852 supra
1146 2791 1177 2854 p.
1200 2772 1237 2832 47

177 2894 207 2939 n.
244 2874 303 2938 duo
338 2877 477 2958 exempla
506 2875 702 2940 ePlutarchi
734 2875 806 2940 vitis
838 2876 941 2957 posui;
978 2875 1040 2939 alia
1070 2876 1161 2942 facile
1194 2881 1239 2942 est

177 2981 299 3059 addere,
321 2983 405 3047 velut
428 2981 532 3064 Pelop.
555 3002 581 3047 c.
595 2983 634 3043 14
657 2981 825 3065 (μᾶλλον),
847 2980 934 3044 Alex.
958 2999 984 3044 ο.
1003 2985 1037 3042 11
1051 2983 1126 3060 ·(ubi
1149 3001 1239 3050 voces

176 3083 329 3170 superiore
352 3087 417 3153 loco
440 3090 598 3171 praeceptae
620 3090 726 3171 sunt),
760 3107 784 3151 c
802 3088 840 3149 21
864 3086 981 3164 (item),
1015 3104 1041 3153 ο.
1061 3088 1102 3150 54
1124 3094 1174 3167 (ἐν
1196 3089 1238 3175 τῷ

176 3190 377 3281 συμποσίῳ).

275 3300 408 3366 induc:
432 3293 554 3385 φθόνῳ
577 3300 612 3366 δὲ
633 3300 701 3363 τῶν
724 3299 861 3382 πρῶτον
881 3303 1129 3383 πραττομένων
1151 3297 1239 3386 πρός

176 3400 336 3493 εὐτυχίαν
357 3408 417 3471 noi
434 3408 563 3473 Νικίου
584 3397 756 3490 τοσαύτην
778 3400 909 3479 πολλάς
930 3405 1109 3487 διατριβάς
1132 3413 1240 3492 ἐμβα·

176 3508 313 3578 λόνοον.
357 3514 454 3579 Deest
474 3513 662 3590 subiectum
691 3531 784 3596 prave
805 3505 927 3598 φθόνῳ
949 3513 981 3577 et
1004 3530 1074 3576 cum
1096 3515 1239 3596 genetivo

175 3619 370 3703 coniungitur
392 3619 514 3682 etcum
530 3611 625 3702 πρός.
649 3618 764 3684 Surio:
787 3618 854 3682 τῶν
876 3611 1069 3701 πρώτων,
1091 3614 1240 3703 ταρασ-

174 3728 364 3808 σομένων
392 3719 478 3807 πρὸς
500 3716 659 3810 εὐτυχίαν
680 3751 709 3790 π.
732 3725 779 3790 Ν.
801 3717 986 3809 σοσαήσήν,
1014 3750 1053 3788 π.
1077 3726 1107 3791 δ.
1131 3730 1240 3814 ἐμβα-

175 3824 319 3897 λόντωντ
355 3853 424 3893 cum
450 3830 608 3914 princepsa
613 3877 625 3906 ,
664 3831 718 3916 qui
745 3831 788 3893 ad
809 3838 925 3892 tantam
947 3827 1049 3891 Meo
1073 3833 1241 3915 fortunam

175 3937 452 4011 consternabuntur,
475 3946 527 4003 oei,

272 4040 341 4106 Ibd.
366 4044 419 4106 27:
453 4041 535 4114 τούς
556 4045 622 4125 μὲν
643 4046 675 4106 οἱ
699 4033 857 4125 πολέμιοιι
880 4038 1141 4127 συνενεγκόντες
1164 4047 1236 4109 ἐνέ-
