2580 4530
203 235 271 301 164,
638 236 699 291 arn.
718 238 741 293 1.
855 217 857 228 '

160 433 336 519 Kruegsrus
358 435 398 500 ad
419 406 476 509 III,
500 437 551 512 46,
574 433 719 501 advocato
743 437 836 501 otiam
859 436 1010 520 Pflugkio‚
1035 437 1139 520 quiin
1161 436 1220 500 hlu-

90 539 92 543 ’
159 540 265 624 ripidis
286 541 407 629 Helena
427 562 456 608 v.
483 542 544 605 278
575 539 758 617 defendebat
789 543 868 606 hano
890 542 1088 624 scripturam:
1120 533 1221 606 πόσιν

160 640 247 717 ποθ’
278 643 371 739 ἧξεὶγ
403 647 461 714 καί
491 641 529 733 μ’
563 638 753 743 ἀπαλλάξαι
789 649 910 726 κακῶν)
945 667 979 712 ac
1011 667 1110 731 neque
1144 647 1221 712 illud

31 826 32 831 ἵ
159 752 405 818 animadvertunt
437 753 519 831 haec,
549 772 615 836 quae
645 753 835 818 incredibilia
867 754 949 829 sunt,
984 754 1078 818 etiam
1096 754 1220 818 ,ceteris

158 857 258 932 iidem(
275 858 444 933 detrahere,
467 877 564 942 neque
587 879 680 942 qnam
708 859 906 924 manifestum
928 859 1045 924 fraudis
1073 859 1220 927 indicium

157 964 190 1028 in
222 965 297 1048 ipsis
331 965 433 1030 verbis
463 964 548 1041 insit,
581 964 619 1028 de
648 983 707 1046 quo
729 965 836 1029 statim
864 963 974 1028 dicam.
1016 965 1112 1038 lNam
1141 965 1221 1030 locos

158 1072 280 1134 tantnm
308 1071 484 1144 corradunt,
513 1070 551 1134 de
578 1070 728 1134 sermonis
761 1071 870 1133 natura
909 1081 945 1133 ac
973 1070 1222 1134 testimoniorum

157 1176 265 1241 habitu
287 1173 322 1240 ac
342 1177 440 1240 forma
464 1193 549 1257 aeque
570 1174 728 1249 incuriosi3
760 1175 836 1238 illud
861 1174 952 1252 addo,
981 1161 1049 1253 eoa,
1078 1175 1143 1278 qap
1156 1175 1220 1239 haec

158 1283 202 1346 sic
228 1302 246 1346 a
277 1282 391 1348 Graecis
413 1279 538 1350 confirsa
570 1282 601 1344 et
626 1281 804 1361 perturbata
833 1284 971 1357 narrant,
1001 1281 1093 1346 nihilo
1118 1282 1220 1348 minus

159 1387 260 1457 Graeci
281 1386 429 1451 sermonis
451 1385 655 1450 subtilitatem
676 1384 708 1451 in
729 1385 875 1469 hoc‚ipso
898 1387 1066 1472 admirari

154 1559 156 1570 ,
258 1495 301 1571 (2)
324 1493 359 1557 In
379 1491 455 1573 ipsis
476 1490 662 1554 testimoniis
685 1491 794 1584 intali
814 1513 847 1557 re
870 1494 992 1558 etiamsi
1012 1494 1089 1558 nihil
1109 1488 1221 1577 praeter

157 1619 319 1665 numerum
352 1587 487 1687 spectes,
522 1597 627 1661 tamen
659 1616 718 1662 non
744 1597 932 1681 simpliciter
965 1617 1000 1663 ea
1029 1603 1220 1668 numeranda

157 1709 238 1782 sunt
261 1706 316 1772 sed
337 1715 408 1791 epm
430 1700 654 1785 comparatione
668 1737 670 1743 .
683 1703 878 1786 (quodnunc
899 1705 1027 1769 relative
1049 1705 1117 1769 deri
1141 1707 1217 1772 dici-

156 1818 272 1896 mns);x
286 1831 359 1877 nam
386 1821 449 1874 'non
476 1810 585 1885 solum,
615 1828 706 1891 quarn
729 1806 861 1876 difficilis
883 1830 932 1875 res
967 1811 1006 1874 ad
1032 1811 1217 1878 credendum

157 1919 208 1997 sit,
230 1918 307 1984 ratio
327 1915 470 1982 habenda
496 1917 559 1992 est,
593 1915 646 1979 sed
667 1916 765 1998 multo
787 1918 935 1993 maxime,
965 1935 1056 1998 quam
1079 1937 1169 2000 saepe,
1191 1921 1217 1984 si

157 2025 364 2106 cerr-oaliquo
386 2021 476 2085 modo
498 2021 582 2103 loqui
598 2021 744 2095 licuisset,
765 2021 809 2086 sic
830 2023 973 2106 loquendi
991 2024 1106 2088 occasio
1127 2024 1219 2090 firerit

157 2133 188 2193 ct
202 2132 315 2212 quauta
330 2127 376 2192 sn·
385 2127 607 2192 contrariorum
619 2130 771 2191 consuetae
785 2127 892 2200 formae
904 2130 1111 2211 exemplorum
1124 2131 1217 2213 copia.

157 2234 238 2299 Nam
275 2233 427 2298 interdurn
456 2231 560 2295 decern
592 2231 766 2296 autetiam
795 2235 925 2316 quinque
955 2236 1093 2319 exempla
1120 2239 1219 2305 multa

156 2342 229 2405 sunt
250 2339 282 2403 in
303 2339 402 2403 forma
423 2336 565 2420 loquendi
587 2356 647 2400 non
670 2338 803 2403 mirabili
824 2358 880 2404 nec
901 2358 1068 2424 permagno
1092 2362 1217 2410 numero

156 2446 364 2527 exemplorum
393 2442 627 2517 contrariorum,
663 2442 743 2524 quod
773 2445 895 2508 omnino
911 2445 1086 2529 »utriusque
1112 2451 1216 2515 lormae

156 2549 336 2631 usurpandae
351 2568 421 2613 rara
436 2548 495 2611 fuit
509 2547 633 2617 occasio.
669 2546 727 2611 Sed
743 2567 814 2613 curn
834 2551 1060 2634 quantunque
1074 2553 1217 2620 infinitivi

155 2656 255 2720 forma
276 2646 377 2721 Graeci
399 2653 438 2718 ad
465 2673 529 2717 rem
556 2653 691 2720 futuram
726 2654 958 2738 significandam
986 2659 1067 2739 apud
1096 2660 1217 2726 dicendi

154 2762 342 2845 putandique
364 2760 457 2825 verba
478 2759 526 2824 usi
552 2759 625 2834 sint,
646 2760 1067 2844 quinquagintaautcentnm
1080 2769 1218 2851 exempla

156 2885 192 2932 ex
214 2866 298 2931 omni
319 2850 430 2949 genem
454 2868 485 2931 et
507 2866 598 2963 aetate
618 2867 802 2949 scriptorum
824 2868 960 2946 collecta,
996 2870 1118 2936 etiamsi
1149 2874 1216 2957 ipsa

84 3006 91 3032 l
155 2972 293 3038 codicum
316 2970 520 3055 discrepantia
541 2975 646 3054 aperte
677 2975 794 3039 incerta
817 2979 1006 3057 spernantur,
1043 2978 1122 3059 qnod
1155 2999 1215 3045 non

152 3079 198 3157 fit,
220 3082 334 3154 tamen,
357 3078 384 3143 si
404 3078 483 3142 nihil
502 3078 618 3143 habent
637 3064 751 3163 proprii
780 3080 964 3159 firmament'
988 3081 1052 3158 (de
1066 3102 1216 3166 quo‘mox

154 3185 283 3264 dicam),
312 3204 373 3249 non
405 3184 505 3248 multa
538 3186 625 3263 suns,
662 3186 744 3268 quod
772 3187 887 3270 aliquot
915 3187 1052 3251 locorum
1079 3190 1215 3257 millibus

153 3291 234 3375 apud
270 3310 319 3356 eos
349 3288 528 3371 scriptores,
564 3307 600 3354 ex
628 3291 737 3378 quibus
765 3292 894 3356 collecta
926 3295 1008 3370 sunt,
1039 3293 1215 3363 huiusmodi

151 3399 246 3464 verba
270 3417 339 3463 cum
361 3395 511 3460 infinitivo
533 3394 565 3458 et
597 3393 633 3456 de
657 3414 691 3458 re
712 3397 868 3478 praeterita
893 3399 983 3463 etde
1011 3384 1114 3464 lutura
1142 3421 1214 3466 cou-

150 3504 319 3590 innguntnr
341 3506 373 3567 et
394 3499 624 3595 quodomnibus
645 3501 783 3580 partibus
802 3503 891 3584 plura
911 3507 984 3569 sunt
997 3505 1051 3569 illa
1065 3508 1227 3589 erempla¹
1273 3595 1275 3597 ‚

150 3609 318 3693 inquibus
348 3607 379 3671 in
407 3607 464 3671 tali
492 3605 702 3670 coniunctione
733 3610 873 3691 ποιῆσαι
903 3630 957 3691 pro
978 3612 1133 3692 praeterito
1154 3615 1213 3690 est,

150 3716 188 3791 de
230 3734 264 3778 re
299 3715 402 3780 futura
444 3704 601 3796 ποιήσειν
645 3713 698 3775 aut
732 3714 942 3793 potentialiter
978 3720 1010 3780 et
1045 3718 1213 3786 dubitative

151 3822 291 3905 ποιῆσαι
321 3817 369 3886 dn
401 3818 553 3885 scribitur.
607 3817 681 3881 Haec
712 3819 777 3882 tota
810 3821 995 3901 comparatio
1031 3825 1129 3906 qualis
1162 3811 1212 3905 sit,

150 3927 321 4012 significavi
355 3926 430 3991 olim
462 3925 551 3990 unius
581 3924 613 3988 et
639 3923 764 3987 alterius
779 3925 865 3988 libri
893 3928 1040 4009 exemplo,
1074 3932 1160 3994 velut
1181 3933 1212 3997 in

149 4035 248 4126 hysiae
270 4035 407 4100 oratione
428 4032 504 4097 XIII
526 4032 573 4096 bis
597 4032 649 4109 (lb
672 4032 703 4095 et
723 4031 776 4107 47)
793 4030 824 4092 in
845 4032 1009 4111 codicibus,
1033 4036 1084 4118 qui
1106 4057 1212 4104 omnes
