2580 4530
564 256 682 315 arun
721 255 771 337 j
1046 254 1106 321 see

187 457 299 542 Neque
327 450 475 525 δινεάειν
496 446 643 541 θήραμά
665 479 731 520 τινι
760 455 818 532 (sio
845 454 929 520 enirn
949 455 1148 539 coniungunt)

88 567 169 630 reate
192 565 254 630 diei
274 567 349 648 puto
369 563 408 629 de
428 582 474 642 eo,
495 552 594 646 quem
610 561 678 644 quis
698 564 906 645 persequatur,
936 580 1034 645 neque
1056 557 1146 648 φόνῳ

89 690 146 754 σου
176 671 349 756 pertineat,
390 669 493 747 video,
530 667 672 756 quoniam
713 665 839 732 Orestes
869 684 968 750 neque
1003 669 1149 734 oooiditur

86 795 186 860 neque
224 782 333 855 (nuno,
370 776 471 841 iuriis
507 772 773 858 persequentibus)
813 772 925 839 oooidit
955 788 1146 858 quemquam.

87 881 291 948 Scribonium
312 881 451 948 ridetur:

370 979 561 1072 Εὐμενίσιν
585 979 745 1070 θήραμα,
768 975 879 1067 φόβῳ
918 973 922 981 ’
965 1048 969 1057 ,

372 1085 515 1180 δρομάσι
538 1081 680 1157 orestas
700 1081 893 1175 βλεφάροις.

186 1193 318 1267 Asseria
348 1199 541 1266 intransitive
568 1197 695 1274 dieitur,
729 1199 763 1263 ut
789 1195 895 1261 Phoen.
924 1196 984 1258 792
1012 1198 1044 1262 et
1065 1199 1145 1280 apud

85 1306 269 1371 Homerum.

183 1412 252 1478 Ibd.
275 1411 347 1477 983.
389 1411 541 1491 Quoniam
572 1427 723 1491 nusquam
749 1413 851 1492 μέσος
870 1408 1016 1475 feminino
1036 1428 1146 1494 genere

84 1518 215 1601 legitur,
250 1517 338 1600 (nam
369 1515 524 1582 Troadum
555 1515 655 1581 loaunr
686 1535 716 1580 v.
739 1517 819 1577 1102
840 1515 996 1581 Seirllerus
1016 1517 1147 1582 removit

84 1625 214 1688 aoaentn
234 1623 393 1701 mutando,
415 1625 510 1707 μέχρι
531 1625 638 1707 μέσου
660 1614 790 1705 ἡμέρας
810 1622 1144 1707 οποοοὴσσλοοὴίῖσο,)

84 1748 173 1813 oogor
204 1728 402 1795 scribendum
432 1729 596 1812 suspirari:
629 1720 863 1812 surrupuisse
889 1733 996 1814 μέσῳ
1018 1726 1144 1811 χθονός

83 1863 118 1902 τε
139 1838 333 1920 τεταμέναν
355 1880 364 1896 ·
385 1883 394 1902 .
418 1882 426 1900 .
449 1840 586 1919 πέτραν.

182 1941 251 2008 Ibd.
275 1939 337 2004 984
358 1959 439 2023 squ:

235 2041 279 2113 ἵν’
301 2052 338 2112 ἐν
358 2038 542 2132 θρήνοισιν
563 2038 746 2132 άναβοάσω

233 2157 366 2240 γέροντι
388 2153 495 2238 πατρὶ
520 2147 683 2238 Ταντάλῳ

234 2255 272 2333 δς
294 2267 418 2333 ἔτεκεν,
443 2266 533 2324 ε”τεκε
555 2263 734 2346 γενέτορας
755 2262 883 2344 ἐμέθεν
905 2252 1031 2342 δόμων,

234 2373 268 2433 οἳ
290 2366 445 2432 κατεῖδον
466 2362 551 2439 άτας
573 2391 602 2431 κ.
625 2392 654 2431 τ.
678 2368 706 2431 λ.

180 2473 299 2556 Neque,
326 2473 399 2555 quid
421 2472 549 2538 Tantalo
579 2473 688 2538 ohorus
717 2472 893 2537 narraturus
925 2471 981 2549 sit,
1004 2470 1088 2544 dicit,
1111 2474 1143 2536 et

80 2581 280 2663 ignavissime
311 2579 376 2643 haeo
409 2579 574 2644 cohaerent:
608 2574 646 2652 ὃς
677 2586 789 2645 ἔτεκεν
916 2584 950 2644 οἳ
975 2580 1140 2645 κατεῖδον.
1241 2633 1244 2639 .

80 2686 202 2765 Quanto
224 2685 335 2750 melius
355 2685 422 2750 haeo
443 2685 648 2763 oohaerebunt,
666 2686 692 2750 si
713 2686 758 2751 sio
780 2685 1006 2768 scripserimus:

215 2787 439 2863 άςκατεῖδσν
464 2788 547 2865 άτας
569 2793 635 2870 (aut
657 2799 730 2864 οἵοις
752 2793 906 2859 κατεῖδον
927 2787 1032 2865 άτας).

179 2897 367 2963 Narraturus
403 2898 512 2962 ohorus
549 2899 677 2977 Tantalo
711 2901 776 2976 est,
810 2898 882 2981 qnid
914 2898 978 2963 eius
1010 2901 1137 2980 posteris

77 3001 234 3067 acciderit.

178 3107 245 3173 Ibd.
270 3109 368 3173 1467:

277 3216 365 3300 φυγᾷ
388 3215 422 3280 δὲ
444 3215 524 3281 ποδὶ
546 3211 584 3281 τά
606 3210 897 3303 χρυσεοσάνδαλον

277 3324 367 3406 ἴχνος
389 3330 508 3406 ἔφερεν
531 3330 659 3408 ἔφερεν.

73 3424 171 3489 Sorib.
199 3422 352 3512 φυγάδι
376 3428 409 3493 δὲ
432 3428 523 3494 ποδὶ.

176 3529 273 3598 Rhesi
298 3553 326 3601 v.
351 3537 366 3594 l
389 3555 473 3618 sqq.:

175 3638 273 3703 Beer
296 3634 382 3724 πρός
404 3634 508 3712 ου’νάς
528 3636 591 3713 τάς
610 3634 809 3725 Ἑκτορέους

174 3769 225 3817 τις
246 3739 473 3812 ὑπασπιστῶν
494 3742 668 3831 άχρυπνος
687 3748 851 3831 βασιλέως

172 3843 194 3935 ἢ
220 3845 441 3939 τευχοφόρων.
486 3855 622 3929 Δέξαιτσ
641 3856 725 3921 νέων
