2580 4530
25 336 29 343 K
153 260 192 329 56
588 240 649 323 ure.
667 268 691 323 1.

111 457 151 522 ad
168 476 277 523 nomen
292 479 352 524 non
364 479 457 525 suum
472 461 711 526 accommodatio
729 461 788 526 allo
807 481 908 527 errore
926 462 1081 527 auete'est
1095 461 1182 545 apud

110 557 342 647 Xenophontem
357 566 429 631 hist.
443 579 488 650 gr.
505 566 545 643 11,
562 569 591 644 ἓ),
606 566 641 645 8,’
652 568 704 650 qui
718 586 788 631 curn
803 567 846 632 sic
860 568 1050 651 scripsisset:
1076 574 1115 633 ἐν
1131 569 1179 654 τῷ

112 662 307 761 ’.Ακαόογμία
324 675 517 760 καλουμένῳ
533 673 721 760 γυμνασίῳ,
735 659 870 755 primuni
883 673 1002 739 factum
1017 673 1066 738 est
1081 679 1120 738 ἐν
1135 675 1180 763 τῇ

111 770 317 863 Ἀκαδημίᾳ,
339 778 461 857 deinde,
479 774 553 847 aum
575 779 609 859 id
629 779 713 847 nullo
734 772 826 845 modo
848 779 944 846 coiret
959 798 1036 845 eum
1051 782 1180 846 καλου-

112 885 222 968 μένῳ,
251 882 366 977 addito
382 885 427 970 τῷ
450 885 591 961 effectum
617 887 796 972 τελευτῇ
821 879 1024 971 ’Ἀκαδημίᾳ
1048 888 1094 972 τῷ
1118 912 1179 952 κο-

114 992 266 1077 λουμέυῳ
302 990 495 1078 γυμνασίῳ,
532 991 611 1074 quod
652 991 679 1055 si
711 991 783 1074 quid
815 982 984 1076 significat,
1022 992 1179 1078 signifieat

113 1095 215 1162 locum
238 1097 391 1181 quendam
413 1096 631 1174 Academiam,
670 1098 722 1179 qui
749 1089 858 1181 (solus)
883 1100 1037 1181 peculiare
1064 1117 1181 1164 nemen·

112 1201 256 1268 hahuerit
276 1202 443 1286 gymnasii,
465 1221 541 1281 non,
565 1204 643 1286 quod
665 1200 726 1267 dici
748 1203 947 1282 debet¹illud
969 1205 1176 1290 gymnasium,

114 1307 198 1389 quod
216 1314 245 1385 (e
259 1308 422 1392 pluribus)
444 1327 556 1373 nomen
569 1309 711 1373 habuerit
725 1309 911 1374 Academiae.
951 1308 1058 1374 Solum
1073 1317 1177 1394 'genus

114 1413 269 1498 metatum
292 1416 348 1479 est
361 1414 441 1497 apud
464 1406 665 1479 Plutarchum
681 1416 719 1479 in
749 1414 839 1479 Nicia
859 1435 886 1480 c.
909 1415 944 1480 4:
979 1409 1125 1489 Τούτοις
1149 1408 1177 1482 δ’

114 1513 167 1611 ὅτι
191 1524 255 1602 μὲν
278 1513 366 1584 aetii
390 1516 428 1584 τό
448 1518 543 1604 ’πρός
569 1514 669 1594 δόξαν
700 1521 754 1585 καί
784 1523 984 1604 φιλοτιμίαν
1017 1517 1215 1607 cruceyo-U

115 1610 215 1709 ριιιὴν
235 1628 298 1701 καί,
312 1620 476 1712 οἷγοραῑον
500 1636 650 1701 ἔνεστιν,
681 1618 742 1690 οὐκ
765 1623 902 1711 όίιληλον.
945 1628 1003 1692 Vix
1024 1629 1108 1693 recte
1130 1628 1177 1692 di-

1 1729 3 1735 '
115 1730 193 1796 citur
224 1731 278 1798 aut
311 1736 382 1817 apte
414 1735 593 1819 φιλοτιμία
629 1727 861 1819 πανηγυρική,
897 1733 951 1798 sed
974 1735 1019 1812 *ut¹
1047 1733 1176 1810 dicatur,

114 1837 394 1924 mendum-arguit
422 1832 628 1906 membrorum
655 1860 715 1905 non
744 1840 844 1905 solum
875 1841 953 1905 mira
973 1840 1176 1923 inaequalitas,

115 1943 291 2013 sedetiam
321 1947 412 2030 plane
439 1949 548 2013 vitiosa
582 1948 763 2029 compositio
790 1942 841 2024 (τό
873 1942 959 2032 πρός
990 1940 1091 2022 δόξαν
1123 1946 1176 2011 καὶ

115 2043 277 2136 οίγοραῑον
296 2073 351 2135 pro
380 2057 433 2120 καί
461 2050 499 2120 τό
530 2049 708 2140 οἶγοροῑου,
743 2072 914 2138 quamquun
942 2053 991 2117 vel
1019 2053 1177 2118 sichimis

51 2164 54 2168 ⁴
114 2156 255 2251 undeet
280 2159 398 2225 infinite
421 2162 539 2226 dhoetur
564 2159 603 2226 τό
633 2155 720 2245 πρός
748 2154 876 2238 dotas„
909 2160 1073 2241 scripserat
1094 2148 1178 2223 enim

115 2260 298 2326 Plutarchus
321 2265 405 2346 apte:
442 2259 480 2328 τό
504 2261 590 2348 πρός
614 2263 719 2341 elme
746 2270 800 2332 καί
825 2266 1022 2350 φιλοτιμίαν
1052 2289 1179 2348 πανη-

116 2363 292 2451 γυρικόν
315 2370 369 2433 καὶ
393 2362 564 2455 ιίγοραιον.
603 2373 699 2437 Verbi
713 2373 825 2437 modus
843 2372 1066 2437 constructione
1087 2389 1179 2454 prave

117 2473 295 2568 nontInuete
316 2475 355 2539 ad
373 2477 547 2558 proximum
567 2480 742 2564 praecedens
758 2479 1010 2551 accommodatus
1029 2479 1086 2556 est,
1109 2497 1179 2543 enm

118 2578 275 2644 remotiori
300 2583 481 2668 respondere
503 2583 740 2668 deberet-apud
762 2584 946 2650 Strabonem
966 2585 1044 2649 VIII
1065 2604 1095 2666 p.
1107 2583 1180 2658 375,

117 2682 171 2747 ubi
191 2686 235 2749 sic
255 2674 453 2753 scribendum
476 2690 537 2755 est:
554 2684 788 2777 ΙΜυρμιδόνας
810 2691 843 2756 ll
867 2689 1041 2775 κληθῆναί
1063 2711 1180 2772 φασιν,

201 2788 253 2855 ὅτι
286 2787 476 2879 μυρμήκων
509 2791 639 2882 τρόπον
671 2790 874 2881 ὀρύττοντες
905 2793 970 2880 τήν
1007 2796 1075 2882 γῆν
1111 2800 1181 2859 ἐπι-

119 2900 253 2981 φίροιεν
281 2902 335 2965 ἐπὶ
366 2897 428 2976 uois
460 2908 604 2988 πέτρας,
639 2897 715 2970 ὥστ’
750 2912 837 2989 ἔχειν
868 2915 1047 2990 γεωργεῖν,
1082 2906 1119 2966 ἐν
1148 2898 1185 2966 (λλ

119 3015 190 3074 τοῖς
208 2998 403 3090 ὀρύγμασιν
429 3005 590 3077 οἰκοῖεν
616 3005 816 3098 φειδόμενοι
838 3010 1020 3087 πλίνθον,
1046 3027 1107 3073 non
1136 3010 1182 3071 οἱ·

121 3113 522 3199 κεῖν,ιιλο(1ἰλιιε;εεαοε
552 3118 634 3182 enim
661 3119 717 3183 hoe
751 3116 927 3183 consilinm
943 3116 1010 3181 erut
1034 3115 1124 3178 terrae
1150 3113 1182 3176 in

1 3239 2 3248 ¹
120 3237 211 3301 rupes
233 3218 445 3302 congerendas,
473 3222 529 3285 sed
551 3224 662 3300 altera,
690 3242 744 3287 eur
770 3243 788 3287 a
815 3222 1009 3286 formicarum
1037 3219 1184 3283 similitu·

123 3324 193 3389 dine
216 3343 324 3407 nomen
347 3325 553 3408 accepissent,
581 3348 683 3393 eausa.
727 3327 787 3392 Sed
813 3329 907 3392 traxit
929 3327 1061 3393 scribam
1081 3323 1207 3407 proxi--

121 3450 218 3535 mum⁸
230 3444 398 3518 γεωργεῖν.
434 3432 527 3514 Apud
543 3435 710 3499 Diodorum
721 3433 784 3498 Sic.
795 3433 901 3511 xvia·
917 3433 956 3496 58
980 3432 1025 3509 (in
1047 3430 1185 3512 descrip-

6 3544 9 3553 '
122 3536 205 3602 tione
226 3558 336 3622 pugnae
356 3536 395 3603 ad
417 3539 544 3618 Arbela)
567 3539 604 3604 de
628 3540 765 3604 curribus
786 3539 906 3603 fulcatis
926 3539 1030 3620 inepto
1051 3538 1097 3602 rei
1121 3536 1185 3600 foe-

123 3642 169 3707 dae
190 3645 293 3709 verbis
315 3645 467 3711 venandae
489 3645 590 3710 studio
615 3646 669 3710 sic
681 3645 838 3710 scribitur:
877 3642 1029 3726 Τοιαύτη
1052 3637 1117 3727 γόρ
1140 3631 1185 3724 ἦν

103 3743 144 3834 ἦ
171 3743 296 3835 ὀξύτης
324 3755 377 3819 καί
406 3755 467 3837 βία
495 3751 564 3816 τών
597 3755 872 3836 κεχαλκευμέναν
898 3745 985 3835 πρός
1010 3745 1185 3815 οίποίλειαν

124 3853 252 3925 ὅπλων.
272 3851 524 3927 hotescalco
557 3852 622 3943 μὲν
649 3860 834 3944 βραχίονας
864 3852 927 3924 στίν
960 3851 1079 3928 αὐταῖς
1112 3865 1186 3926 ταῖς

10 3962 11 3967 ’
73 4028 77 4037 ,
125 3956 266 4029 α’σπίοιυ
291 3959 569 4042 οἷποιιόπτεσθαι,
592 3959 655 4032 οὐκ
678 3958 847 4051 όλίγιονόὲ
866 3959 1052 4050 τραχήλους
1074 3952 1187 4046 παρα-

127 4063 291 4159 αιίρεσθαι
317 4075 371 4138 καί
394 4060 466 4148 τοία
478 4069 626 4159 κεφαλιίς
642 4072 785 4138 πίπτειν
803 4073 858 4137 ἐπὶ
880 4066 945 4155 τήν
959 4069 1025 4156 γῆν
1039 4063 1188 4152 βλεπόν-
