2580 4530
527 264 586 320 nlo.
606 266 658 322 111.
940 286 943 292 ·
1018 266 1080 332 417

156 461 226 528 nio.
247 461 280 526 Π
300 463 415 545 ρ.,359
438 463 483 528 D:
519 464 574 530 καλ
605 464 691 531 Idolo·
829 470 940 532 ἵππον
960 465 1118 553 χαλκοῦν,

58 568 185 642 κοῖλον,
208 567 356 652 θυρίδας
377 576 509 655 ἔχοντα,
531 565 613 637 καθ’
635 566 675 644 ῦς
697 563 890 656 ἐγκύψαντα
903 570 989 637 ἰδεῖν
1000 565 1120 659 ἐνόντα

59 668 183 759 νεκρόν
208 722 213 734 .
240 725 247 742 .
271 723 279 739 .
301 674 405 760 μείζω
426 668 450 760 ἢ
474 671 546 743 κατ’
578 675 783 762 ἄνθρωπον·
816 677 939 744 τοῦτον
971 678 1004 743 δὲ
1038 675 1120 744 ἄλλο

56 784 120 868 μὲν
154 774 269 855 οῦδὲν,
301 783 379 878 αερλ
413 781 448 847 ol
481 785 524 874 τῇ
556 786 639 872 χειρὶ
672 783 818 871 χρυσοῦν
857 777 1050 861 δακτύλιον,
1081 781 1121 852 ὃν

57 879 307 973 περιελόμενον
334 889 488 974 ἐκβῆναι.
549 890 601 957 Sio
627 891 744 957 eodioes
773 889 899 972 optimi3
931 889 963 954 in
990 890 1121 959 deterio-

58 995 143 1061 ribus
172 993 292 1077 aliquot
318 996 456 1073 (meliore
477 1014 548 1074 nno,
570 997 646 1061 Van.
675 999 724 1076 ll)
746 995 868 1062 additur
889 1001 985 1081 ἔχειν.
1032 997 1121 1077 Quod

56 1100 202 1166 Baiterus
224 1099 323 1165 audiri
343 1101 441 1167 voluit
462 1101 548 1168 ἰδεῖν
570 1110 704 1189 ἔχοντα,
725 1103 757 1168 id
777 1103 825 1168 tot
846 1101 914 1166 aliis
935 1102 997 1168 alia
1022 1104 1122 1168 strno-

56 1207 125 1272 turo
147 1204 350 1288 interpositis,
382 1208 492 1290 quibus
519 1208 622 1292 ipsum
643 1208 700 1274 hoo
726 1210 850 1283 νεῦσον
877 1207 913 1274 δέ
933 1208 1120 1294 adiungitur,

56 1311 121 1378 fieti
146 1312 264 1396 nequit.
293 1310 454 1394 'Suspicor
478 1313 591 1380 finisse:
624 1309 746 1399 νεκρόν
774 1364 782 1377 .
808 1364 815 1377 .
840 1363 847 1376 .
874 1314 978 1398 μείζω
1000 1309 1024 1399 ἢ
1044 1309 1122 1380 ’κατ’

57 1415 262 1504 ἄνθρωπον,
285 1410 471 1486 πλοῦτον
492 1420 527 1486 δὲ
549 1413 661 1496 οῦδὲν,
684 1421 762 1505 περὶ
775 1421 807 1487 δὲ
831 1421 874 1511 τῇ
896 1422 980 1508 χειρλ
1002 1446 1074 1488 κο.
1089 1423 1120 1486 λ.

156 1524 226 1591 Ibd.
237 1545 267 1608 p.
279 1524 339 1586 361
353 1523 392 1589 O:
414 1521 542 1609 ἄδηλον
562 1517 638 1603 οῦν,
661 1528 803 1593 εἴτετοῦ
817 1527 949 1594 δικαίου
964 1529 1032 1594 εἴτε
1053 1528 1122 1593 οῦν

57 1631 192 1718 δωρεῶν
214 1680 222 1695 .
246 1679 254 1694 .
279 1677 286 1692 .
312 1638 410 1696 ἕνεκα
431 1633 585 1707 τοιοῦτος
606 1635 668 1719 εἴη.
702 1633 830 1698 Prorsus
851 1650 1030 1716 perversum
1051 1652 1120 1700 esse

56 1737 230 1822 optativum
247 1735 333 1819 (post
353 1736 490 1804 futurum
512 1741 576 1822 ant,
598 1738 625 1805 si
644 1739 747 1817 malis,
768 1746 917 1822 praesens)
930 1739 1038 1824 siquis
1058 1756 1120 1805 non

56 1864 110 1928 par
132 1863 168 1910 se
189 1842 294 1920 sentit,
322 1843 435 1909 sentiet
461 1862 499 1911 ex
526 1842 702 1911 Schneideri
734 1846 766 1909 et
791 1843 986 1910 Stallbanmii
1012 1844 1118 1910 delen·

57 1933 213 2016 sionibus(
236 1947 410 2015 Delondnm
429 1949 559 2017 verbm
578 1968 672 2035 prave
692 1949 731 2015 dd
753 1949 934 2034 explendam
949 1950 1115 2015 orationem

57 2055 208 2133 additum,
231 2059 267 2120 ut
288 2056 303 2118 Ι
326 2075 355 2137 p.
378 2054 439 2119 33¹1
462 2054 499 2121 Ε.
538 2054 599 2123 cn.
623 2056 712 2141 1111).
723 2057 785 2120 393
807 2057 850 2121 A:
877 2051 920 2128 oie
942 2051 1044 2128 ἄλλος
1065 2080 1116 2128 εις

57 2153 74 2224 o‘
96 2162 204 2247 λόγων
225 2154 247 2244 ἢ
269 2148 384 2234 adsto.

157 2265 225 2330 Ibd.
247 2286 277 2349 p.
299 2265 360 2329 366
381 2266 418 2330 Β.
457 2266 685 2333 Intolerabilem
704 2268 798 2333 habet
817 2268 1033 2353 tanmlogiam·
1050 2268 1116 2333 haeo

56 2372 200 2437 orationis
220 2371 334 2437 forma:
358 2365 408 2444 ele
423 2375 459 2437 αἱ
479 2374 635 2459 μέγισται
652 2367 769 2446 πόλεις
782 2376 912 2460 λέγουσι
935 2377 989 2440 καὶ
1013 2379 1066 2439 οἱ.
1084 2423 1091 2438 .
1111 2423 1118 2437 .

57 2479 209 2563 ποιηταὶ,
226 2479 437 2544 ...σῖσαῦκα
456 2475 563 2554 σύκοις
580 2489 667 2567 ἔχειν
677 2473 856 2565 μηνύσασι.
878 2479 993 2547 sarid:
1007 2483 1062 2547 καλ
1086 2485 1118 2546 ol

58 2634 96 2650 ..
122 2635 130 2651 .
160 2587 299 2670 ασιησαλ
430 2585 536 2651 ταῦτα
568 2583 675 2658 οὕτως
701 2593 788 2674 ἔχειν
813 2581 991 2672 μηνύουσι.
1040 2588 1119 2652 Pro·

56 2710 167 2758 nomen
191 2711 227 2757 ex
247 2693 356 2759 ultima
376 2694 494 2778 syllaba
515 2692 670 2777 participii
691 2693 889 2775 praecedentis
911 2685 1121 2779 (γενόμενοι)

57 2799 159 2865 ortum
183 2800 239 2863 est.
247 2799 274 2882 1)

60 2968 260 2978 ι..-

124 3082 152 3135 p.
163 3066 216 3121 505
233 3065 378 3133 Α(δίκαια,
397 3081 423 3132 ρ.
441 3065 496 3134 84),
515 3063 555 3117 IX
573 3080 598 3134 p.
611 3061 693 3120 5850
704 3063 761 3129 (καὶ
781 3063 935 3132 ἀληθείας),
953 3062 979 3116 X
997 3079 1022 3133 p.
1034 3061 1119 3119 619Β

126 3155 252 3223 (ἑλέσθαι
278 3158 344 3224 καί).
384 3156 416 3210 In
444 3156 592 3212 Hermonni
615 3156 745 3225 exemplo,
771 3156 794 3209 si
816 3157 888 3210 reete
912 3154 1059 3220 numeravi,
1085 3155 1119 3210 16

126 3248 193 3304 loeis
223 3247 299 3303 uncis
325 3263 401 3303 voees
435 3252 537 3305 notata
567 3253 630 3306 sunt
656 3251 765 3318 (prater
793 3248 907 3318 aliquot,
937 3246 985 3301 ubi
1015 3244 1119 3318 syllaba

126 3341 266 3397 scribendo
283 3341 420 3411 geminata
443 3342 612 3412 significatur
635 3341 774 3410 tollenda),
800 3341 824 3396 si
846 3355 931 3394 unum
953 3342 982 3394 et
1004 3339 1119 3394 alterum

125 3435 213 3490 loonm
231 3434 353 3503 excipias,
371 3437 451 3497 reate,
469 3451 519 3490 neo
536 3435 620 3491 solius
640 3435 788 3490 Hermanni
805 3433 913 3488 indicio.

82 3527 104 3594 ²)
124 3527 210 3582 Paulo
227 3530 289 3582 ante
306 3519 442 3582 verland
460 3526 529 3596 μέγα
548 3527 683 3582 δύνανται
705 3541 844 3597 sponsores
861 3524 962 3580 habent
981 3525 1068 3587 ΟΞΠ,
1087 3527 1120 3578 nt

126 3621 156 3674 in
182 3621 206 3673 A
223 3636 286 3674 εεεο
304 3618 431 3674 excidisse
450 3618 571 3689 putando
587 3620 653 3675 sint
683 3615 715 3676 P.
725 3622 777 3676 364
790 3617 811 3674 (λ
823 3620 895 3673 reete
912 3620 974 3687 post
984 3616 1119 3670 Moratum

126 3712 175 3768 alii
192 3709 307 3786 ᾄδοντες
324 3729 373 3783 pro
391 3712 525 3777 διδόντες,
544 3712 590 3767 sad
602 3713 683 3768 simul
698 3715 837 3768 accentum
855 3712 958 3765 mutare
968 3707 1135 3763 debebantz'

127 3807 226 3869 κακίας
257 3806 320 3874 περὶ
347 3804 489 3869 εὐπετείας
520 3807 585 3872 (non
613 3804 699 3873 πέρι);
726 3808 759 3858 ut
785 3804 822 3858 sio
849 3801 953 3872 aliquid
976 3800 1118 3856 εὐπέτειαν

127 3897 237 3954 διδόναι
261 3900 325 3966 περί
344 3917 427 3961 τινος,
448 3897 590 3951 ridiculum
617 3898 708 3950 tamen
731 3898 773 3949 est
797 3892 938 3957 εῦαετείας
962 3892 1073 3948 διδόναι
1091 3894 1118 3946 et

127 3990 188 4046 εῦπ.
208 3992 263 4045 διδ.
283 3990 327 4053 ὡς.
364 3991 395 4044 Ρ.
414 3988 508 4047 36511
528 3987 677 4057 ἀμελητέον
695 3986 889 4056 propalatione
908 3985 1025 4052 conieci3
1049 4001 1116 4053 prae-

127 4086 232 4152 esperat
248 4082 382 4137 Baitsrns.

103 4174 213 4208 mvlon
224 4176 303 4208 nnn-1.
315 4175 366 4208 cm·
885 4172 917 4216 27
