2580 4530
159 266 198 330 aa
597 218 660 321 nra.
677 265 701 320 1.

118 464 269 547 copulatis
303 463 431 538 mutati;
474 462 669 529 scribendum
701 463 814 528 saltem
848 460 949 526 fuerat
978 459 1094 540 atque
1121 456 1181 535 is),

117 570 241 648 deinde,
262 571 298 634 ut
321 569 379 634 hoc
403 568 608 647 condonetur,
630 569 733 652 inepte
755 566 910 641 Gracchus
932 565 1006 630 duos
1028 563 1180 631 Gracchos

115 694 289 760 procreasse
322 675 446 750 dicitur;
483 693 556 738 nam
574 674 740 740 ¹Gracchus
774 693 813 741 ea
836 671 977 756 legitima
1008 689 1098 750 uxore
1120 671 1183 735 nisi

117 780 270 847 Gracchos
291 798 450 860 procreare
476 799 536 845 non
557 781 669 863 potest.
721 779 814 862 Apud
835 778 967 852 eundem
988 777 1020 841 in
1042 778 1118 855 orat
1142 776 1180 841 de

117 886 206 951 domo
227 887 265 948 81
290 884 325 965 Q.
348 885 467 967 Metelli
488 886 556 950 laus
578 885 628 951 ad
660 886 935 969 sempiternam
961 883 1181 948 memoriam

116 991 301 1073 temporis
324 993 500 1057 calamitate
516 994 684 1075 propagata
698 991 819 1056 dicitur.
860 990 976 1055 Verum
997 981 1065 1053 laus
1079 1007 1181 1070 neque

116 1097 157 1162 ad
171 1098 352 1162 memoriam
366 1097 513 1178 temporis
537 1096 660 1173 (incerti
682 1099 714 1161 et
733 1097 858 1175 infiniti)
879 1096 1066 1179 propagatur
1081 1113 1181 1176 neque

117 1203 156 1268 ad
185 1204 417 1285 sempiternam*
439 1203 620 1267 memoriam
650 1203 816 1284 temporis,
846 1201 970 1273 sed,ad
998 1201 1097 1266 omnis
1127 1201 1182 1265 aut

115 1309 200 1393 longi
223 1308 584 1390 temporis'memoriam,
607 1307 830 1391 scripseratque
851 1307 956 1373 Cicero
977 1307 1022 1372 ad
1043 1307 1180 1389 sempi-

116 1414 224 1480 terni
249 1414 470 1489 memoriam
492 1406 695 1496 temp‘oris,
716 1414 859 1478 librarius
881 1412 1068 1478 adiectivum
1089 1430 1180 1494 prox·

30 1594 33 1601 ,
116 1523 178 1587 imo
201 1521 394 1587 substantivo
418 1520 600 1607 adiunxit1).
641 1521 733 1603 Apud
757 1520 924 1584 Varronem
946 1519 985 1584 de
1005 1519 1041 1584 L.
1062 1518 1098 1582 L.
1119 1519 1180 1582 Vll

118 1627 210 1711 p.-93
237 1627 361 1709 Bipont.
391 1627 551 1695 scribitur}
588 1645 606 1690 a
638 1645 709 1708 quo
728 1625 875 1690 ¹Accius
908 1625 965 1689 ait
995 1642 1179 1706 personas

117 1732 467 1799 distortas-'oribus
493 1724 691 1806 deformis
718 1731 917 1796 miriones.
972 1728 1011 1795 Si
1033 1745 1179 1813 personas

117 1831 260 1908 distortas
281 1839 394 1905 Accius
416 1838 616 1921 appellasset,
651 1838 705 1902 aut
726 1836 882 1902 omisisset
900 1836 1031 1904 ori-bne
1058 1836 1180 1902 defor-

115 1965 193 2011 mes
221 1947 275 2010 aut
311 1944 551 2009 coniunctionem
573 1944 805 2026 interposuisset
832 1944 876 2020 (et
899 1942 1004 2025 potius
1039 1943 1181 2008 distor-

115 2054 173 2117 tas
195 2050 325 2116 oribus
348 2051 385 2114 et
410 2050 597 2123 deformes
626 2050 767 2128 dixisset,
798 2048 877 2132 quod
898 2067 1029 2132 persona
1049 2049 1104 2114 aut
1125 2048 1182 2112 ab·

116 2157 214 2222 solute
236 2155 380 2221 deformis
402 2159 456 2221 aut
478 2159 561 2221 certo
584 2155 646 2220 oria
667 2154 774 2220 habitu
795 2155 940 2220 deformis
960 2155 1034 2236 apte
1059 2154 1179 2233 dicitur,

115 2281 175 2326 non
198 2278 249 2325 ore
271 2259 442 2336 deformis);
478 2261 549 2349 sed
563 2260 727 2343 scripserat
748 2261 858 2326 Varro:
893 2279 1076 2344 personas
1104 2260 1179 2336 dis-

113 2366 228 2431 tortis
251 2364 381 2429 oribus
403 2363 608 2441 delormes;
629 2366 805 2448 precedens
827 2352 1054 2433 substantivum
1076 2365 1179 2430 adiec-

113 2471 213 2537 tivum
235 2470 295 2534 sibi
316 2468 463 2534 adiunxit.
511 2471 603 2553 Apud
624 2471 782 2536 Valerium
804 2471 886 2537 Mar.
904 2473 935 2550 Ι,
961 2474 978 2534 7
997 2473 1034 2537 Ε.
1055 2473 1076 2533 4
1097 2491 1178 2554 per-

55 2657 58 2661 *
113 2578 219 2642 tinas
250 2594 361 2641 casus
387 2575 623 2639 imminentis
650 2576 843 2642 violentiae
869 2578 1009 2642 lanceam
1036 2578 1178 2661 petendae

114 2684 186 2747 ferae
208 2681 309 2766 gratie
330 2679 463 2745 missam
478 2666 511 2744 in
526 2681 610 2765 Atyn
632 2681 729 2747 Croesi
749 2683 848 2748 filium
863 2684 1028 2753 detorsisse
1050 2684 1176 2760 dicitur;

115 2789 169 2854 sed
185 2776 286 2870 neque
302 2804 401 2863 casus,
417 2786 469 2867 qui
482 2786 572 2850 unius
587 2789 733 2870 temporis
749 2792 780 2854 et
794 2790 944 2855 momenti
958 2794 1015 2868 est,
1037 2791 1178 2872 pertinax

113 2897 196 2959 recte
219 2892 332 2957 dicitur
352 2909 449 2973 neque
471 2883 559 2973 casus
580 2893 734 2959 violentiae
761 2898 815 2960 aut
835 2896 980 2983 violentia
999 2897 1176 2963 imminens.

113 2999 284 3082 scripserat
304 2996 466 3061 Valerius:
483 2999 658 3078 pertinax
686 3019 795 3065 casus
824 3002 1064 3069 imminentis
1093 3002 1177 3067 vio·

111 3104 243 3170 lentie.
293 3103 354 3168 Hic
376 3101 516 3184 quidem,
553 3106 589 3170 ut
622 3105 814 3171 violentia
844 3107 1028 3175 scriberetur
1056 3127 1177 3173 accom-

111 3211 239 3275 modate·
257 3209 296 3273 ad
317 3208 569 3286 imminentia,
601 3210 702 3274 effecit
736 3212 830 3276 etiam
859 3232 968 3278 casus
992 3231 1093 3279 errore
1119 3232 1175 3295 pro

111 3315 299 3381 nominativo
333 3316 506 3395 acceptum.
552 3313 667 3380 Seneca
696 3316 734 3381 de
765 3319 920 3401 tranquill.
948 3319 1044 3384 animi
1069 3320 1122 3396 16,
1156 3321 1174 3380 2

111 3422 274 3504 scripserat
308 3420 396 3484 acute
429 3419 466 3482 de
499 3439 680 3504 magnorum
710 3423 846 3491 virorum
880 3425 1077 3515 iniquopfato
1105 3444 1175 3506 per-

111 3529 283 3609 emptorum
315 3525 464 3590 desiderio
495 3524 606 3589 leniter
645 3528 751 3591 tamen
784 3529 920 3596 ferendo:
964 3530 1058 3611 Quid
1087 3549 1174 3614 ergo

111 3635 191 3697 est?
221 3632 325 3709 Vide,
348 3631 527 3714 quomodo
547 3632 704 3714 quisque
727 3633 882 3701 illorum
904 3636 1057 3713 tulerit,
1077 3638 1126 3714 et,
1143 3637 1176 3702 si

109 3736 232 3802 fortes
254 3736 421 3811 fuerunt,
451 3737 620 3820 ipsorum
647 3737 738 3803 illos
761 3743 883 3808 animo
905 3742 1094 3820 desidera,
1116 3742 1175 3806 hoc

138 3941 161 4044 ἱ)
181 3974 258 4029 Hanc
287 3977 500 4034 emendationem
527 3993 589 4030 cum
615 3975 724 4032 Halmio
750 3995 798 4048 per
824 3979 929 4035 litteras
952 3981 1174 4037 communicatam

179 4066 303 4122 Baiterua
322 4073 350 4123 et
367 4070 502 4140 Kayserus
520 4070 549 4123 in
567 4071 693 4123 contextu
709 4075 865 4141 posuerunt.
