2580 4530
567 300 735 355 Prooemium.
1129 304 1148 366 5

111 496 158 557 aut
179 493 350 575 superioris
373 494 432 557 aut
452 493 549 557 huius
571 495 716 575 temporis
730 495 898 578 philologo;
920 495 1014 561 habet
1035 500 1115 564 enim
1130 502 1188 567 hoc

110 600 245 665 veritatis
256 601 536 666 confirmationem
547 600 648 665 minus
660 600 833 664 exercitatis
845 601 963 679 utilem,
975 604 1002 668 si
1013 605 1095 687 quid,
1108 609 1188 690 quod

111 726 161 770 nou
175 708 349 790 unicuique
365 708 477 772 statim
492 709 643 780 occurrat,
665 724 684 769 a
697 706 836 787 pluribus
850 707 1008 772 inventum
1025 711 1081 775 est.
1126 713 1185 778 Sed

110 831 225 896 perraro
257 813 320 877 hoc
348 811 483 888 faoiam;
518 832 592 876 narn
626 813 652 876 si
683 811 805 895 longius
837 813 1030 896 progrediar,
1059 817 1185 885 sithoc

108 921 203 1001 ipsum
218 938 319 1003 prope
334 919 507 983 infinitum.
548 918 634 982 Nihil
648 919 731 982 enim
742 917 818 981 mihi
832 920 944 1000 saepius
953 920 1073 997 accidit,
1092 943 1183 1006 quam

108 1038 153 1093 ut.
174 1026 260 1110 quod
285 1027 375 1108 ipse,
398 1044 468 1089 cum
492 1025 631 1106 exemplo
653 1025 809 1105 scriptoris
831 1024 958 1087 alicuius
974 1027 1078 1092 uterer
1099 1032 1183 1097 nullo

108 1133 254 1217 apparatu
284 1132 396 1197 critico
420 1132 475 1194 a'ut
497 1131 606 1214 exiguo
626 1130 784 1205 instructo,
808 1130 1048 1212 excogitassem,
1075 1133 1108 1196 id
1129 1135 1183 1197 aut

108 1240 133 1303 in
154 1240 319 1305 codicibus
342 1237 496 1320 scriptum
517 1255 585 1301 esse
607 1241 659 1301 aut
687 1238 726 1301 ab
755 1235 815 1300 alio
844 1254 911 1300 esse
939 1235 1112 1301 coniectura
1132 1260 1181 1305 re-

107 1350 221 1428 pertum
246 1346 363 1428 postea
391 1343 531 1408 viderem
541 1343 573 1420 ¹).
616 1343 718 1425 Atque
746 1342 883 1406 idalius
910 1343 955 1407 rei
981 1364 1072 1411 causa
1097 1369 1180 1416 com-

108 1470 250 1516 memoro.
311 1448 399 1515 Na'm
422 1468 547 1532 operam
570 1449 655 1527 dabo,
678 1469 716 1514 ne
739 1447 812 1531 quid
834 1447 920 1524 mihi,
943 1451 1022 1531 quod
1044 1454 1178 1520 alienum

108 1558 156 1624 sit.
185 1577 358 1641 arrogem3
389 1555 443 1620 sed
473 1555 526 1638 qui
552 1574 677 1638 possum
711 1556 743 1619 in
776 1555 824 1618 tot
858 1556 983 1637 tamque
1019 1558 1178 1627 disiunctis

108 1665 261 1748 utriusque
284 1665 406 1748 liuguae
430 1663 645 1744 scriptoribus
666 1661 697 1726 in
720 1660 809 1726 tanta
830 1663 1075 1730 emendationum
1092 1671 1178 1750 copia

107 1771 324 1851 perlustranda
348 1771 382 1833 et
403 1768 588 1853 digerenda,
615 1767 788 1850 perficiendi
815 1770 986 1852 praesertim
1014 1767 1176 1849 aliquando

107 1877 182 1942 iuius
206 1878 319 1961 operis
343 1877 378 1940 et
398 1874 462 1938 mei
484 1893 521 1938 ex
535 1875 593 1938 hac
608 1875 736 1939 materia
751 1875 897 1957 eripiendi
919 1875 1045 1957 cupidus
1058 1878 1090 1940 et
1109 1878 1177 1943 ideo

107 1984 260 2059 testinans,
299 1983 356 2065 qui
383 2000 529 2062 possum,
559 1980 699 2061 inquam,
729 1981 865 2057 efficere,
893 1982 973 2064 quod
1000 2000 1039 2045 ne
1061 1982 1092 2044 in
1114 2003 1175 2049 uno

108 2091 220 2171 quidem
244 2090 422 2172 scriptore,
449 2106 541 2170 quem
565 2086 632 2168 quis
654 2087 712 2151 sibi
732 2088 926 2152 tractandum
956 2088 1123 2170 sumpserit
1144 2092 1176 2154 et

108 2195 136 2257 al
155 2216 252 2279 quem
276 2215 339 2278 per
366 2195 539 2277 complures
568 2212 661 2257 annos
691 2195 793 2258 omnia
819 2195 1021 2278 undecunque
1048 2216 1174 2281 conges-

108 2303 182 2368 mit.
211 2303 313 2386 plane
351 2300 474 2364 efficere
509 2298 620 2380 possit,
655 2290 731 2363 nihil
758 2305 793 2366 ut
820 2320 870 2366 me
907 2304 961 2366 aut
990 2321 1048 2366 non
1076 2305 1174 2370 multa

125 2624 133 2653 ¹
160 2625 290 2694 Exempli
312 2641 395 2678 causa
413 2641 499 2678 unum
518 2640 623 2691 ponam.
646 2627 678 2679 A.
699 2629 779 2687 1843,
805 2643 864 2680 cum
887 2627 1038 2696 fragmenta
1055 2632 1171 2700 tragico·

160 2736 220 2771 rum
252 2718 416 2771 Graecorum
445 2733 626 2786 percurrerem
652 2722 793 2786 utererque
820 2720 877 2774 sole
899 2721 1031 2774 Dindorfii
1055 2723 1172 2777 editione

161 2813 251 2879 prima
277 2815 427 2879 poetarum
457 2811 635 2871 scenicorum,
668 2812 870 2866 emendaveram
901 2815 1033 2881 quadam,
1059 2817 1171 2870 maxime

161 2904 317 2974 Euripidis.
358 2903 400 2957 Ea
425 2920 488 2956 cum
512 2905 605 2971 postea
632 2904 762 2958 adhibitis
788 2905 850 2958 aliis
875 2906 953 2961 libris
972 2910 1169 2977 perlustrarem,

160 3010 202 3051 ut.
223 2997 367 3066 numquid
388 2996 510 3050 editione
529 2995 643 3063 dignum
661 2999 745 3059 esset,
765 2998 895 3062 viderem,
915 3002 1031 3069 repperi,
1057 3003 1128 3071 quod
1142 3004 1169 3055 in

159 3091 312 3144 Alexandri
333 3089 436 3157 fragm.
457 3090 472 3142 7
493 3087 660 3141 scribendum
679 3093 837 3143 annotarem
857 3098 925 3158 (τοῖς
944 3101 1015 3148 σοῖσι
1034 3100 1135 3168 νικᾷς),
1154 3111 1169 3146 a

157 3184 321 3254 llusgravio
340 3185 523 3251 praeceptum,
542 3181 616 3244 item,
635 3199 693 3251 quoe
717 3184 746 3235 in
764 3183 888 3238 Archelai
906 3185 1000 3254 fragm.
1021 3193 1054 3243 13
1074 3196 1168 3251 (στρα-

156 3282 247 3350 τζγῷ),
268 3278 299 3330 in
322 3274 477 3330 Erechthei
500 3273 595 3343 fragm.
620 3278 653 3329 12
675 3280 738 3340 (τοῦ
761 3278 913 3347 βλέποντος
935 3280 973 3348 μὴ
998 3283 1113 3339 καλῶς),
1139 3278 1167 3330 in

154 3370 332 3426 ⁴“reteusium
358 3368 462 3437 fragm.
486 3371 504 3421 2
532 3366 598 3427 (del.
628 3375 680 3422 παῖ
703 3373 751 3438 τῆς
782 3374 911 3436 Τυρίας),
944 3373 972 3424 in
1001 3370 1167 3423 Stheneboeae

66 3458 71 3535 f
152 3466 247 3535 fragm.
266 3470 285 3521 9
308 3462 483 3524 (ἅλδαίνει),
503 3460 532 3513 in
551 3459 624 3529 sylei
641 3459 737 3529 fragm.
757 3466 773 3517 3
792 3479 815 3517 u.
837 3467 855 3518 4
871 3463 1041 3530 (δεσπότης),
1060 3462 1088 3513 in
1104 3461 1167 3514 nle-

66 3550 72 3593 2
150 3560 256 3615 monis
277 3559 389 3626 fragm.
415 3551 549 3618 3(παῖὸ’
565 3548 599 3620 ἢν
619 3556 672 3624 δῷς
692 3554 772 3621 ἐμοί),
791 3555 825 3609 ab
847 3557 937 3610 eodem
951 3555 1112 3622 Musgravio
1132 3555 1167 3608 Η-

147 3654 252 3711 Grotio,
274 3650 442 3711 Salmasio,
463 3646 577 3707 Bothio,
598 3647 668 3714 qnod
692 3652 782 3701 autem
801 3650 829 3702 in
848 3647 999 3715 Belleroph.
1018 3646 1114 3714 fragm.
1133 3652 1168 3705 20

145 3764 166 3801 r,
179 3752 233 3804 {let
242 3752 260 3805 3
270 3747 490 3802 annotaveram
505 3740 593 3803 (θέλει
609 3744 750 3808 χρῆσθαι),
762 3758 776 3793 e
790 3739 924 3794 codicibus
937 3740 1054 3808 positum
1068 3742 1165 3795 inveni.

142 3840 291 3897 Restgbant
305 3857 351 3897 ea,
373 3851 441 3906 quse
453 3833 484 3886 in
496 3831 639 3901 Philologo
651 3835 663 3886 l
674 3851 699 3903 p.
712 3837 761 3888 671
777 3832 856 3888 edidi.
883 3832 922 3885 De
934 3832 977 3885 his
990 3837 1018 3887 et
1032 3836 1166 3890 similibus

143 3937 161 3989 εἰ
178 3956 257 4008 quem
280 3932 502 3990 dubitaturum
523 3925 664 3988 crederem,
686 3942 791 3995 possem
803 3927 885 3977 testes
899 3923 975 3990 dare,
995 3927 1042 3980 sod
1054 3931 1166 3992 tantam,

140 4034 237 4101 spinos.
274 4026 358 4087 mihi
391 4035 459 4077 esse
484 4017 699 4073 coniecturarum
724 4018 824 4088 copiam
848 4017 943 4082 etiam,
968 4020 990 4074 si
1014 4022 1059 4089 qui
1078 4023 1166 4076 miuus

136 4124 244 4184 ¹’examii
265 4126 365 4185 sunt,
391 4113 564 4176 concedent,
583 4115 614 4165 ut
631 4113 707 4166 nulla
729 4112 766 4165 sit
784 4111 886 4167 alienas
904 4113 1062 4186 sublegendi
1079 4132 1167 4172 causa.
