2580 4530
212 270 273 334 332
635 264 693 320 Iib.
712 265 765 321 111.

170 469 319 534 oontrorie
350 467 458 534 relatis
499 485 564 532 rem
601 463 768 542 contineri,
806 463 927 539 addidit
957 482 993 528 ex
1023 463 1232 546 ¹superioribus

172 567 368 660 αὐτόνομοι.
392 573 490 652 (uid.
515 571 554 638 ud
575 572 633 650 ΙΙΙ,
656 571 706 648 12,
729 573 771 647 2.)
803 571 854 634 Ad
875 562 1234 655 αότονόμουςἯωυγ-

172 681 257 747 didos
278 679 418 764 pervenit
438 679 456 762 ᾗ
479 677 541 756 d.¹)
1181 676 1185 682 '

271 785 338 854 lod.
374 785 429 864 75,
458 783 852 855 κατακολουθοῦντες
884 788 917 855 ἐς
953 777 1035 848 ὅσον
1058 772 1234 866 δόναιντο,

173 895 207 958 εἴ
236 919 280 979 τῳ
313 893 347 959 δὲ
378 889 541 975 προλίποι
573 885 595 974 ἦ
633 882 731 974 ῥώμη
762 890 816 955 καί
847 883 885 955 τό
917 891 1026 974 σῶμα,
1059 880 1123 954 οόκ
1155 883 1236 952 ἄνευ

172 993 295 1085 όλίγων
317 997 558 1080 ἐπιθειαομών
586 999 640 1062 καί
669 994 821 1082 οἰμωγῆς
846 987 1128 1077 ὑπολειπόμενοι.
1172 994 1237 1057 Ab·

172 1104 299 1170 surdum
326 1097 463 1190 ὀλίγον,
491 1122 545 1184 pro
580 1121 638 1186 qno
663 1101 736 1166 ferri
757 1102 943 1166 eontrarium
964 1102 1068 1184 posset
1089 1101 1237 1165 πολλῶν.

64 1267 66 1270 .
170 1210 234 1275 ὃτι]
255 1209 323 1274 tolli
347 1211 413 1274 sine
435 1207 738 1290 temeritatenequit.
781 1207 909 1273 Videtur
930 1208 1043 1273 foisse:
1067 1200 1137 1272 οὐκ
1152 1202 1237 1272 ἄνευ

173 1308 333 1401 α’λόγων
359 1316 598 1398 ἐπιθειαομών
633 1316 689 1378 καὶ
723 1315 884 1400 οἰμωγῆς,
918 1314 1023 1396 quales
1052 1312 1239 1378 dolorede·

172 1423 293 1486 mentes
314 1419 491 1497 fundunt-2)
669 1496 672 1500 ¹

273 1526 339 1591 Lib.
363 1527 448 1604 VIII,
474 1527 502 1602 2,
527 1528 554 1587 2.
598 1525 682 1589 Num
708 1527 1147 1613 ξυμπροθυμηθέντεςέτι
1170 1524 1239 1608 (pro

174 1636 246 1715 ἐπί)
269 1636 398 1699 πλέονδ
453 1621 455 1639 ³
843 1616 846 1626 ¹
892 1624 894 1629 ⁴
996 1661 1000 1668 ·

272 1741 338 1805 Ibd.
358 1740 408 1813 22,
433 1741 527 1821 λαοί
549 1739 633 1804 Χῖοι
657 1784 665 1801 .
691 1784 698 1801 .
724 1785 731 1800 .
761 1731 860 1804 ου’δὲν
883 1730 1133 1808 ἀπολείποντες
1156 1743 1238 1819 προ-

174 1848 324 1930 θυμίας,
365 1842 448 1912 ἄνευ
488 1870 525 1910 τε
565 1844 857 1929 Πελοποννησίων
895 1836 1025 1928 πλήθει
1054 1836 1238 1928 παρόντες

173 1948 365 2038 οἶποοτῆοαι
401 1947 462 2024 τός
493 1945 611 2024 πόλεις
633 1953 687 2016 καί
720 1944 927 2036 βουλόμενοι
961 1946 1033 2034 ἅμα
1068 1944 1113 2024 οἷς
1140 1951 1238 2016 πλεί-

174 2146 372 2155 ..—...——

201 2249 224 2316 ¹)
244 2250 308 2318 (lep.
327 2252 369 2306 56.
397 2249 415 2302 4
441 2246 602 2300 oonieoerem
623 2247 806 2316 ξυλλόγου,
835 2247 945 2316 ignarus
972 2245 1043 2300 idem
1075 2245 1237 2301 Heilmenno

243 2341 387 2410 placuisse3
407 2342 420 2406 §
439 2342 455 2394 3
473 2337 543 2390 nihil
561 2337 635 2392 ultre
653 2338 684 2392 id
698 2338 865 2402 movendum,
889 2339 960 2409 qnod
986 2339 1141 2417 Krnegerus
1159 2338 1237 2403 vidit,

245 2431 323 2488 αὐτοὶ
344 2424 379 2486 αὖ
404 2432 486 2500 μόνοι
511 2430 679 2485 scribendum
704 2447 773 2494 esse,
797 2432 850 2485 nisi
873 2434 905 2484 nt
923 2431 1020 2486 rectius
1044 2431 1126 2485 verba
1153 2432 1237 2485 inter-

243 2528 412 2596 pungentu13
436 2523 501 2576 'nam
517 2523 649 2577 eohaerent
667 2523 737 2578 haec:
757 2524 803 2578 καὶ
821 2521 881 2578 οὐδ’
907 2521 984 2578 odeat
1005 2515 1040 2578 αὖ
1058 2523 1149 2592 μόνοι,
1169 2521 1238 2578 dud

245 2616 290 2669 καί
309 2610 449 2682 μετὰτῶν
468 2616 726 2686 ξυμβοηθηοοίντων
745 2620 841 2685 σφίσιν
860 2657 866 2670 .
885 2656 891 2667 .
911 2615 1134 2684 .προκόψαντες,,
1152 2617 1236 2673 inter·

244 2709 340 2777 positis
358 2708 426 2761 illis:
454 2706 585 2776 ἡγεμόνες
602 2729 631 2762 τε
649 2709 790 2778 γενόμενοι
808 2708 876 2779 μετὰ
895 2702 1057 2776 Κορινθίων
1085 2684 1131 2764 καί
1152 2717 1237 2765 Λακε·

245 2803 397 2871 δαιμονίων
424 2801 470 2854 καί
491 2800 541 2870 τὴν
570 2801 706 2869 σφετέραν
734 2801 815 2856 πόλιν
838 2800 1062 2871 ἕμκαρασχόντες
1089 2807 1236 2872 προκινδυ-

242 2896 338 2953 nedoni
356 2913 384 2948 τε
403 2894 449 2948 καὶ
467 2898 517 2948 τοῦ
534 2898 668 2948 ναυτικοῦ
687 2894 757 2963 μέγα
775 2895 867 2963 μέρος.
903 2895 943 2947 Ex
959 2895 1185 2965 ἐμπαραοχόντες
1202 2896 1235 2951 τό

242 2985 310 3054 μέγα
329 2986 412 3054 μέρος
431 2987 547 3040 sumitur
564 2990 673 3041 tentum
691 2988 891 3056 παρασχόντες.
929 2985 1041 3043 anstra
1066 2988 1236 3057 προκόπτειν

242 3083 373 3133 ναυτικοῦ
393 3079 462 3159 μέγα
480 3079 564 3148 μέρος
583 3081 710 3134 nituntur
728 3082 759 3134 ut
777 3083 909 3134 enarrent.

200 3169 222 3240 δ)
244 3171 308 3240 dap.
328 3173 369 3233 63,
389 3177 405 3228 3
424 3189 476 3224 non
496 3172 675 3226 obiiciendum
687 3174 761 3241 puto,
779 3172 852 3240 'quod
871 3172 973 3226 codices
988 3173 1112 3229 meliores
1128 3174 1235 3228 tenent:

244 3266 358 3324 δικαίως
383 3261 418 3318 δν
442 3263 528 3334 αὐτὴν
554 3270 604 3320 νῦν
629 3265 667 3336 μὴ
692 3267 932 3332 καταπροδίδοιτε,
952 3265 985 3320 de
1003 3267 1039 3336 μή
1058 3265 1237 3320 intendentia

243 3355 386 3424 potentiali
404 3356 494 3424 posito
507 3358 610 3411 veritus
622 3357 764 3425 neglegere
782 3357 988 3411 similitudinem
1008 3376 1105 3422 eorum,
1126 3374 1185 3427 quoe
1203 3357 1236 3411 nd

244 3447 382 3516 Euripidis
406 3449 467 3516 Iph.
492 3449 552 3506 Aul.
578 3453 632 3505 373
660 3449 870 3502 commemoravi.
917 3449 1070 3518 Singularis
1098 3452 1139 3503 est
1166 3450 1236 3503 ratio

244 3557 333 3594 eorum
360 3540 485 3602 locorum,
513 3542 542 3594 in
569 3541 668 3610 quibus
693 3540 722 3592 in
746 3540 958 3608 interrogatione
985 3543 1129 3612 potentiali
1154 3558 1235 3612 nege·

243 3633 345 3685 tionem
363 3631 531 3701 significante
549 3633 603 3686 alie
621 3635 662 3684 est
679 3634 807 3700 pretereo.
830 3633 938 3700 negatio
957 3635 1015 3701 (VI,
1036 3640 1077 3698 18,
1097 3639 1127 3690 1:
1156 3638 1184 3688 τί
1203 3631 1236 3688 δν

244 3724 392 3792 λέγοντες.
412 3763 418 3776 .
438 3766 446 3778 .
464 3725 500 3796 μὴ
520 3708 686 3797 {lovinium
706 3724 774 3778 Xen.
786 3740 864 3778 mem.
873 3726 925 3791 ΙΙΙ,
946 3732 969 3791 1,
991 3732 1030 3790 10,
1051 3728 1121 3782 Plat.
1133 3727 1235 3798 Cratyl.

243 3817 294 3869 429
303 3816 340 3869 D:
358 3812 415 3879 πῶς
433 3813 467 3870 dv
477 3817 513 3887 μὴ
524 3817 555 3871 τὸ
567 3815 598 3871 δν
609 3816 695 3884 λέγοι;
717 3816 808 3884 Eurip.
818 3816 908 3887 Iphig.
921 3819 984 3875 Aul.
995 3823 1071 3884 977);
1089 3820 1136 3873 sed
1145 3823 1236 3873 tamen

243 3906 334 3960 eodem
358 3909 501 3975 pertinent.
537 3909 570 3962 In
595 3907 756 3978 Thucydidis
783 3909 841 3963 loeo
864 3913 913 3966 hoo
941 3914 1035 3967 saltem
1054 3915 1124 3964 recte
1144 3913 1236 3981 Poppo

244 4000 336 4062 sensit,
358 4002 470 4063 δικαίως
489 4002 522 4054 ab
532 4001 692 4068 imperativo
710 4001 828 4054 alienum
847 4019 917 4068 esse3
936 4001 983 4071 q'ui
1001 4002 1110 4056 iubetur
1121 4007 1237 4068 δικαίως

243 4091 279 4160 μὴ
299 4092 474 4159 προδιδόναι,
494 4093 574 4146 simul
591 4092 699 4145 iubetur
718 4092 821 4156 ἀδίκως
839 4095 1014 4162 προδιδόναι.
