2580 4530
199 275 259 357 l38

156 486 284 569 scriptor
306 504 416 569 pugnae
430 484 637 550 narrationem
655 484 776 551 ordiens
795 484 840 550 sio
855 484 964 568 incipit
984 489 1023 561 (c.
1036 484 1102 561 80):
1125 483 1218 548 Erat

157 593 339 675 stagnum
360 590 554 665 salinarum,
581 591 690 656 inter
717 591 813 674 quod
841 592 880 655 et
904 609 1008 656 mare
1030 591 1219 674 angustiae

157 698 325 781 quasdam
345 715 423 762 non
450 697 617 780 amplius
644 698 755 764 mille
781 698 819 762 et
844 697 881 774 D,¹
901 715 1039 779 passus
1068 696 1216 761 intere·
1270 685 1274 688 ⁴

155 807 253 871 rant
302 793 412 888 ltaque
435 802 544 869 Strabo
572 803 738 888 scripserat
762 822 825 868 una
849 802 956 867 littera
982 803 1098 868 minus:
1130 800 1217 887 πρὸς

159 904 268 998 Θάψῳ
296 912 352 977 καὶ
382 910 425 996 τῇ
452 909 599 993 πλησίον
625 911 733 996 λίμνῃ
761 911 817 975 καί
845 922 919 981 ταῖς
947 903 1079 984 ἅλοις.
1134 909 1216 975 Nam

155 1017 261 1083 selina
283 1037 302 1082 a
325 1017 474 1083 Strabone
502 1012 582 1081 ἄλαι
605 1017 808 1099 appellantur,
829 1035 891 1081 non
912 1012 1003 1089 ἅλες,
1023 1014 1221 1098 apertissime

17 1199 22 1211 .
154 1124 223 1189 libr.
236 1123 297 1188 XII
311 1143 341 1206 p.
352 1123 428 1185 561:
450 1114 558 1188 οἱοί-(λ’
573 1127 610 1186 ἐν
626 1123 669 1206 τῇ
681 1115 819 1209 Ξιμήνγ
840 1117 919 1188 α’λαι
941 1116 1093 1206 ὀρυκτῶν
1113 1117 1215 1202 dicia.

154 1230 349 1296 Pemininum
378 1247 473 1313 genus
507 1228 634 1311 apparet
657 1226 752 1292 etiam
773 1227 837 1292 XII
859 1247 888 1310 p.
911 1229 985 1292 546:
1020 1221 1215 1312 deiparam

157 1337 192 1400 111
213 1330 282 1402 circo
304 1337 372 1403 τών
394 1327 485 1399 οἶλών
506 1329 546 1405 ὃς
568 1333 776 1418 mocreonti)

255 1440 354 1520 (XIX)
377 1439 521 1512 Straboni
541 1439 697 1525 proximus
719 1439 778 1503 cn't
797 1439 1000 1515 Plutarchus,
1023 1439 1108 1504 ouius
1131 1441 1165 1504 st
1185 1441 1221 1524 iu

156 1547 227 1612 vitis
251 1547 335 1611 etin
358 1546 524 1610 morahbus
551 1545 691 1628 quadam
719 1545 809 1613 huius
836 1546 955 1629 generis
977 1546 1088 1611 menda
1109 1545 1221 1627 depre-

154 1652 257 1717 hendi.
312 1651 358 1716 Ex
371 1651 447 1716 illis
470 1652 606 1733 primum
635 1654 684 1717 cst
708 1653 741 1717 in
762 1652 928 1716 Publicola
955 1670 981 1716 o.
1007 1654 1042 1713 17
1071 1654 1215 1727 extremo,

156 1758 209 1823 ubi
230 1758 274 1824 sio
295 1757 454 1823 scribitur:
505 1753 727 1823 Τοῦτοναον
753 1754 861 1841 ἄνδρα
885 1751 1040 1824 Μούκιον
1065 1752 1156 1842 ὁγκοὺ
1183 1784 1215 1820 τι

156 1857 296 1929 πάντων
317 1865 371 1929 καί
396 1863 567 1931 Σκαιόλαν
590 1858 795 1941 καλούντων,
819 1856 1063 1949 Ἀθηνόδωρος
1083 1859 1102 1930 ὁ
1124 1856 1219 1930 Σοίν-

27 2046 30 2050 .
157 1973 327 2044 dauoc'a’v
353 1973 414 2056 τῷ
430 1968 516 2054 πρὸς
538 1965 750 2039 Ὀκταουίαν
777 1965 844 2056 τήν
866 1970 1041 2054 Καίσαρος
1063 1965 1216 2054 οίδελφήν

156 2080 211 2144 καλ
232 2072 424 2163 Ὀψίγονον
447 2072 650 2159 ω’νομοίσθαι
674 2079 788 2164 φησίν.
825 2078 893 2142 Hoc
913 2078 941 2142 ni
961 2079 1044 2147 recte
1066 2076 1216 2142 scribere·

155 2188 214 2260 tur,
236 2182 448 2248 Athenodorus
472 2186 594 2249 tantum
616 2185 713 2249 Mucii
738 2185 880 2252 Scaevcles
902 2183 1019 2249 nomini
1046 2182 1218 2264 addidisset

156 2291 237 2370 (aot)
265 2288 398 2353 alterum
429 2306 613 2372 cognomen3
641 2290 697 2354 sed
722 2291 867 2355 orationis
889 2290 992 2355 forme.
1007 2288 1156 2352 maiorem
1177 2286 1215 2350 de

154 2397 221 2478 ipso
248 2395 371 2458 nomine
406 2394 581 2459 dissensum
615 2395 778 2478 significat.
833 2395 1003 2478 Scripseret
1031 2393 1217 2458 Plutarchus

155 2520 215 2564 non
238 2499 294 2564 καί
302 2548 308 2560 .
334 2498 388 2563 sed
410 2493 543 2566 Γάϊον
566 2496 770 2587 Ὀψίγονον,
793 2502 927 2582 primurn
952 2502 1002 2579 (ut
1022 2502 1095 2564 sunt
1116 2498 1217 2564 Graeci

156 2607 353 2690 neglegentes
366 2606 398 2669 in
415 2607 573 2670 nominum
585 2606 789 2671 Romanorum
804 2609 934 2686 ratione)
958 2625 1018 2670 non
1040 2605 1216 2694 attendens,

154 2713 207 2795 qui
221 2711 316 2777 (laius
331 2710 383 2785 sit,
405 2711 536 2777 eundem
551 2711 690 2776 Mucium
711 2730 788 2791 esse,
810 2713 919 2778 deinde
940 2710 1214 2794 nonlintollegeus

153 2812 344 2902 Ὀψίγονον
374 2817 608 2882 Athenodorum
640 2819 777 2900 posuisse
811 2839 864 2903 pro
900 2818 997 2890 Cordi,
1024 2816 1213 2900 cognomine,

154 2944 213 3008 quo
234 2923 384 2988 <nonnulli
416 2923 555 2988 Mucium
583 2926 669 2997 ante,
708 2943 800 3007 quam
832 2925 976 2992 Scaevola
999 2923 1214 3005 appellaretm,

152 3050 243 3108 usum
270 3049 337 3094 esse
368 3028 534 3094 tradebant
560 3029 679 3100 (Zonar.
707 3031 780 3106 VH,
810 3030 867 3108 la,
894 3031 986 3094 schol.
1009 3029 1152 3094 Bohiens.
1175 3028 1214 3092 ad

28 3198 31 3203 .
153 3136 216 3202 (lic.
239 3155 301 3218 pro·
314 3134 392 3200 Sest.
415 3153 440 3200 o.
463 3135 511 3196 pp
524 3154 555 3217 p.
569 3134 639 3196 299-
654 3134 717 3213 Or..
739 3137 843 3201 Aurel.
861 3136 942 3201 Viot.
964 3136 1002 3201 de
1021 3135 1078 3200 vir.
1099 3134 1214 3198 illustr.

156 3243 219 3318 12η
250 3259 324 3304 nam
356 3240 511 3304 cordum
541 3240 822 3322 interpretabantur
843 3261 911 3308 sero
932 3244 1051 3306 natum.
1095 3222 1214 3317 (Etiam

152 3347 358 3428 Quintihanus
388 3347 420 3423 l,
449 3348 485 3422 4,
514 3345 554 3408 25
583 3344 716 3410 Cordum
745 3347 827 3411 inter
859 3347 1039 3430 cognomina
1072 3364 1108 3411 en
1141 3364 1213 3409 casu

151 3454 342 3518 nascentium
366 3451 458 3516 ducta
480 3451 589 3534 ponit.)

251 3557 333 3636 (XX)
369 3559 406 3621 In
434 3558 498 3622 vita
522 3556 663 3620 Marcelli
689 3576 714 3621 c.
744 3557 765 3617 4
790 3555 961 3640 prodigium
990 3555 1024 3620 O.
1050 3555 1217 3630 Flaminio,

150 3663 185 3731 P.
204 3664 298 3730 Furio
320 3681 398 3730 coss.
419 3661 493 3740 (223
514 3679 541 3726 a.
565 3659 648 3742 Chr.)
669 3660 844 3726 nuntiatum
865 3663 911 3727 sic
932 3662 1085 3727 nanstur:
1110 3658 1212 3745 ὤφθη

176 3909 303 3977 1)“Αλο”)ν
320 3915 350 3965 et
367 3910 448 3976 ἁλαῖς
466 3916 494 3967 et
511 3912 582 3976 ἀλοία
604 3911 670 3979 (bis)
688 3911 817 3965 transisse
835 3911 864 3964 in
883 3907 982 3976 ἄλλων,
1003 3909 1106 3976 ἄλλοις,
1126 3909 1216 3975 ἄλλας

221 4003 293 4074 apud
323 4004 436 4075 Dionys.
463 4005 551 4060 Halia.
581 4004 647 4059 hist.
670 4003 747 4057 Rom.
771 4004 808 4068 ΙΙ,
833 4006 875 4065 55.
904 4003 954 4069 Ill,
980 4008 1023 4066 41,
1049 4004 1214 4074 Sylhurgius

219 4096 360 4151 intellexit.
