2580 4530
238 231 296 292 116
670 232 728 287 Lib.
748 237 769 288 Ι.

192 431 280 506 Nam
301 429 381 514 apud
404 432 546 501 Tacitum
574 431 676 495 annal.
701 431 787 512 XIV,
814 433 864 508 20,
892 434 945 499 ubi
967 453 1073 500 corum
1095 436 1259 518 exponitur

191 524 345 602 sententia
375 538 408 601 et
444 537 559 612 oratio,
593 537 645 620 qui
678 537 775 619 pollui
808 556 901 604 seona
933 560 1073 624 proceres
1101 535 1254 608 Romnum

191 645 425 726 equestremque
441 642 579 707 ordinem
593 656 674 726 aegre
685 643 833 720 ferebant,
856 646 921 710 haee
941 647 1087 731 leguntur
1099 649 1132 712 in
1150 649 1256 713 codiee

190 750 349 816 Medieeo:
394 748 493 828 Quid
516 767 740 832 superesse,
770 750 848 814 nisi
869 753 910 815 ut
932 771 1091 837 corpora
1110 754 1254 821 nudent

191 856 381 920 et'cestus
421 854 632 920 adsumant
659 872 797 938 easque
827 876 976 942 pugnas
1008 878 1076 941 pro
1105 860 1253 927 militia

191 962 229 1025 et
250 961 365 1025 armis
390 959 642 1029 meditentur.
686 961 741 1024 An
765 961 924 1027 iustitia
945 966 1102 1048 augurii
1126 969 1163 1031 et
1184 969 1252 1032 dc-

190 1067 315 1158 curias
338 1067 513 1149 equitum
533 1067 731 1151 egregium
749 1067 950 1133 iudicandi
967 1089 1100 1139 munus
1120 1074 1252 1156 exple·

189 1177 313 1247 turos,
359 1173 390 1237 si
428 1172 578 1237 fractos
611 1183 729 1237 sou-os
766 1174 803 1237 et
840 1158 1085 1241 dulcedinem
1119 1198 1250 1245 vocum

188 1279 313 1368 perite
340 1277 566 1342 audissent?
608 1276 748 1365 Apparet
774 1281 979 1362 augurium
999 1282 1077 1347 illud
1098 1285 1252 1352 alienissi-

188 1405 274 1451 mum
296 1402 371 1456 esse,
401 1402 458 1446 nec
478 1383 581 1447 minus
603 1369 802 1448 manifestum
824 1386 885 1459 est,
913 1387 994 1468 quod
1015 1389 1137 1472 Lipsius
1157 1392 1249 1457 intel=

133 1564 137 1571 ,
186 1492 270 1566 lenit,
293 1491 352 1555 duo
375 1508 442 1587 esse
464 1489 604 1553 membra
624 1488 880 1573 interrogationis,
904 1511 994 1557 suum
1016 1493 1155 1577 quodque
1176 1497 1250 1560 sub·

186 1599 303 1664 iectum
333 1598 365 1663 et
391 1594 578 1659 infinitivum
606 1593 737 1671 habens;
773 1595 877 1677 itaque
906 1601 989 1662 recte
1021 1599 1053 1663 in
1090 1603 1247 1686 augurii

187 1707 312 1771 subesse
345 1700 516 1785 augendi
548 1701 678 1764 verbum
709 1700 823 1777 seueit3
860 1702 888 1766 si
922 1705 1020 1769 acrius
1051 1708 1248 1787 attendisset

186 1801 334 1878 sensisset
355 1808 450 1902 etiam
471 1817 503 1872 et
523 1808 647 1890 propter
673 1805 897 1889 expleturos
922 1810 953 1872 et
973 1813 1099 1891 propter
1119 1815 1247 1880 audis·

185 1919 272 1984 sent
303 1915 399 2000 (quod
428 1892 532 1979 futuro
564 1914 670 1978 ennete
702 1915 794 1978 rectae
827 1913 971 1979 orationis
1002 1918 1184 1997 respondet)
1215 1924 1246 1986 et

184 2027 309 2109 propter
330 2019 517 2116 sententiam
529 2025 592 2114 ,(ὸ-
610 2019 757 2101 quaeritur
778 2019 869 2095 enim,
892 2038 985 2102 quam
1007 2021 1177 2089 utilitatem
1196 2045 1247 2093 res

185 2151 263 2197 nova
274 2129 414 2194 habitura
425 2127 476 2199 sit,
488 2131 541 2202 -)
558 2125 671 2206 requiri
682 2125 819 2190 futurum
840 2125 985 2190 infinitivi
1006 2129 1129 2210 tempus
1152 2131 1244 2214 idque

186 2238 282 2302 multo
292 2233 413 2318 propius
428 2231 467 2297 ad
484 2232 657 2296 litterarum
675 2230 808 2312 vestigia
823 2231 983 2309 acceder03
1006 2233 1129 2315 scripsit
1149 2236 1244 2319 igitur

185 2344 324 2408 Tacitus:
363 2359 406 2403 an
444 2336 602 2401 iustitis
638 2332 753 2399 auctu
793 2336 858 2412 iri3
898 2340 978 2409 (utor
1015 2357 1052 2404 ea
1089 2341 1244 2407 scribendi

184 2449 315 2521 ratione,
350 2463 366 2508 e
395 2462 454 2525 qua
480 2443 512 2505 in
536 2430 651 2506 rariore
678 2442 848 2523 praesertim
869 2443 956 2507 verbi
975 2444 1075 2510 forma
1096 2447 1243 2513 mendum

183 2559 284 2619 ortum
307 2556 368 2623 est;
391 2567 463 2612 nam
485 2547 559 2610 alibi
580 2565 698 2629 quoque
712 2546 769 2610 'hic
789 2547 958 2613 infinitivus
972 2550 1111 2632 passivus
1134 2553 1242 2636 depra-

183 2657 384 2734 vatnsest)¹).
423 2653 492 2728 Sed,
514 2653 550 2717 ut
562 2652 705 2716 omittam
719 2671 860 2734 quaerere,
884 2655 1107 2736 expleturos
1122 2651 1243 2726 'terune

183 2765 355 2850 possitae,
380 2759 473 2844 .quod
505 2759 644 2832 arbitror,
677 2758 900 2823 restituendum
933 2760 976 2824 sit
1006 2763 1239 2845 expleturas,

183 2868 273 2937 modo
310 2865 508 2950 intellegatur
541 2865 620 2928 hauc
656 2863 878 2929 dubitationem
922 2865 961 2929 ad
998 2867 1147 2951 reliquam
1182 2871 1240 2936 loci

182 2977 312 3042 formam
334 2971 555 3037 nihilomnino
577 2969 742 3053 pertinere,
775 2972 874 3035 restet
902 2971 1007 3040 tamen
1038 2970 1136 3048 clind;
1167 2987 1239 3036 uam

181 3087 217 3149 ut
238 3102 274 3147 ex
294 3079 516 3162 expleturos
539 3075 578 3140 ed
604 3076 757 3140 auctum
783 3076 832 3140 iri
858 3079 1038 3158 perventum
1061 3078 1119 3155 est,
1142 3077 1186 3142 sic
1207 3079 1239 3142 et

182 3209 217 3254 ex
239 3187 388 3254 auctum
413 3183 463 3247 iri
490 3183 522 3246 et
550 3200 586 3244 ex
607 3183 673 3247 tota
692 3181 852 3246 sententiae
878 3182 976 3246 forma
1004 3184 1145 3264 apparet,
1178 3201 1238 3247 non

178 3291 369 3378 interrogari,
399 3287 678 3372 explendae-sint
704 3287 821 3369 equites
848 3286 1002 3351 indicendi
1029 3306 1155 3371 munus,
1182 3288 1238 3354 sed

180 3401 347 3471 meliusne,
381 3414 473 3480 quam
495 3395 653 3473 hactenus,
679 3392 712 3457 id
739 3392 888 3474 expleturi
919 3392 981 3457 sint
1015 3393 1072 3458 hac
1107 3394 1237 3459 canendi

179 3506 291 3591 peritia
302 3503 430 3570 adiecta.
463 3497 1004 3582 Necmuncrislnusfmgrcgium)
1021 3499 1162 3564 hocloco
1183 3501 1239 3564 ent

180 3616 253 3696 apte
273 3614 320 3677 est
340 3610 395 3674 aut
415 3607 499 3670 recto
515 3602 661 3669 vocabulo
681 3603 868 3686 signiticata;
890 3622 961 3667 nam
980 3605 1102 3688 egregie
1124 3604 1236 3687 expleri

178 3715 333 3784 indicandi
353 3730 464 3779 munus
486 3711 602 3794 potest,
625 3709 726 3791 ipsum
749 3709 906 3794 egregium
930 3728 990 3774 non
1013 3711 1077 3785 est,
1104 3709 1160 3775 sed
1180 3710 1235 3775 ho·

179 3825 315 3896 nestum,
348 3820 438 3894 utile,
473 3835 601 3882 summae
635 3815 802 3899 dignitatis.
857 3814 1012 3879 Nimirum
1035 3815 1170 3893 Tacitus,
1199 3817 1238 3882 ut

179 3972 375 3984 --——·

204 4057 237 4121 ¹¹)
255 4054 353 4111 Cicde
369 4055 507 4121 divinit„
525 4056 559 4112 18
576 4053 650 4109 codd.
671 4051 895 4105 inventurum
914 4066 961 4120 pro
979 4051 1157 4104 inventum
1176 4051 1232 4105 iri.
