2580 4530
354 1648 610 1730 Premonitunr
636 1652 672 1730 et
697 1649 883 1742 Adtende.

160 1952 234 2065 De
269 2000 370 2065 huius
397 2002 498 2084 operis
522 1999 648 2067 oonsilio
679 2004 711 2066 et
738 2002 837 2067 ferma
868 2000 1010 2084 quoniam
1032 2002 1063 2064 in
1083 2020 1155 2083 pro-

64 2109 146 2173 emio
172 2107 267 2173 satis
295 2105 417 2170 dietum
439 2109 498 2183 est,
520 2106 641 2172 tantum
668 2109 812 2173 monendi
832 2109 891 2173 hoc
912 2108 978 2173 loeo
1001 2109 1081 2181 sunt
1103 2107 1155 2190 qui

65 2216 224 2287 evolverit,
251 2221 312 2287 (—
327 2213 521 2294 nequeenim
544 2214 703 2297 quisquam
729 2217 841 2298 praeter
862 2215 932 2278 libri
953 2213 1045 2297 primi
1056 2214 1157 2296 capite

66 2321 116 2384 due
133 2324 193 2385 aut
220 2320 294 2383 tria
317 2318 498 2383 continuum
520 2319 655 2404 perleget
671 2330 723 2396 -)
745 2319 827 2404 typis
839 2320 871 2384 id
883 2320 1014 2385 describi
1025 2321 1157 2402 coeptum

64 2448 133 2492 esse.
172 2426 333 2490 nondum
368 2426 434 2489 teta
464 2425 592 2490 materia
624 2427 667 2490 sie
700 2426 869 2508 composita
902 2427 933 2489 et
955 2426 1087 2509 digesta,
1122 2429 1157 2490 ut

65 2534 229 2598 numerari
256 2533 381 2614 posset,
415 2531 496 2614 quod
516 2532 546 2596 in
568 2533 626 2597 hoe
649 2531 799 2597 scribendi
817 2549 928 2613 genere
950 2533 1156 2596 necessarium

65 2660 117 2702 ren
142 2643 233 2713 erat,
262 2639 409 2701 extremo
438 2657 515 2702 anno
547 2640 634 2701 1868.
662 2638 782 2713 deinde,
805 2640 924 2718 septem
947 2637 1080 2721 plagulis
1101 2639 1156 2703 ab·

64 2749 181 2811 erum.
223 2747 263 2808 in
306 2743 419 2825 quibus
452 2745 478 2807 si
513 2764 578 2826 quae
606 2747 778 2829 temporum
809 2745 981 2808 notationes
1010 2747 1089 2819 sunt,
1117 2745 1157 2810 ad

63 2853 147 2918 itum
176 2871 313 2918 annum
338 2849 520 2916 reseruntur.
541 2852 742 2916 intervenisse
778 2869 804 2914 a.
830 2851 909 2912 1869
932 2851 992 2914 iter
1013 2851 1154 2914 Italicum

60 2974 87 3023 et
100 2960 347 3029 Helveticum3
373 2974 442 3018 cum
464 2955 557 3021 redux
577 2959 674 3022 telam
692 2958 846 3039 inceptam
870 2958 1025 3038 pertexere
1047 2975 1156 3038 eggre-

61 3068 157 3142 derer,
184 3065 287 3131 brevi
305 3061 498 3143 apparuisse,
520 3065 639 3128 tentam
664 3081 732 3126 esse
758 3061 930 3137 materiam,
952 3062 987 3124 ut
1008 3063 1038 3124 in
1060 3080 1156 3124 unum

59 3176 205 3239 elumen
249 3169 328 3252 eegi
364 3186 423 3231 nen
447 3172 562 3248 posset.
606 3170 715 3252 Itaque
749 3169 806 3232 hae
833 3170 920 3250 perte
955 3166 1155 3241 eontinentur,

58 3287 170 3363 preter
194 3279 332 3344 librum
356 3272 493 3355 primum
515 3274 553 3338 ad
574 3277 719 3358 utrasque
748 3274 870 3339 litteras
893 3274 1033 3352 antiquas
1055 3288 1156 3351 aequa-

55 3389 121 3452 iter
144 3383 397 3472 pertinentem,
421 3398 467 3455 ea,
494 3399 559 3462 quae
581 3381 613 3443 in
636 3380 816 3445 Graecorum
838 3380 1025 3460 scriptorum
1047 3393 1156 3438 monu-

55 3499 168 3563 mentis
195 3487 408 3561 emendevi3
433 3504 499 3567 quae
521 3487 559 3550 ad
581 3486 707 3551 Latinos
744 3486 872 3550 collecte
894 3481 1001 3554 habeo,
1023 3479 1156 3544 alterum

56 3606 198 3670 :elumen
253 3593 456 3680 explebunt.
498 3592 525 3656 si
551 3593 646 3657 animi
675 3594 824 3676 patientie
860 3583 1051 3683 perdurabim
1085 3603 1157 3649 sane

55 3717 125 3779 ‹rim
150 3720 386 3797 speraveram
423 3699 553 3763 celerius
585 3718 638 3762 me
671 3718 706 3762 ex
738 3699 786 3762 his
818 3689 957 3760 minutiis
986 3709 1156 3755 evasurum.

57 3822 168 3890 mices
193 3819 281 3886 huie
313 3804 480 3876 volumini
508 3824 577 3870 suos
607 3805 738 3870 adiunxi.
783 3802 870 3881 Quod
892 3798 1090 3883 praevideram
1115 3804 1157 3880 (p.

58 3931 123 3993 1252
146 3935 234 4003 sore,
278 3922 331 3997 ut,
370 3909 521 3998 quamvis
542 3911 713 3994 permulta,
740 3910 772 3972 in
795 3927 861 3989 quee
884 3907 949 3991 ipse
973 3905 1158 3984 incidissem,

60 4043 266 4116 semissem,
307 4022 406 4114 qued
441 4018 537 4082 antee
570 4019 608 4081 ab
629 4019 697 4081 aliis
718 4016 844 4078 inventa
867 4015 979 4088 essent,
1000 4013 1106 4078 temen
1127 4012 1160 4076 in
