2580 4530
222 240 283 302 314
641 239 702 294 Lib.
721 239 774 294 ΙΙΙ.

182 443 214 506 et
224 441 356 506 aoristus
366 439 433 521 ipse
443 458 498 522 pro
509 439 698 521 imperfecte.
721 437 919 504 Scribendum
932 439 1051 506 videtur
1063 436 1237 526 τιροοήοι

181 541 203 612 ἅ
210 573 244 620 ν,
282 545 355 630 quet
385 545 565 622 solvissent,
602 545 628 609 si
650 543 773 610 Seutbae
803 546 939 626 tempere
965 547 1044 612 ratio
1065 549 1239 614 haberetur.

180 652 369 728 (Classcnius
401 644 611 738 προοῄοοαν,
647 651 780 716 transitu
807 649 1039 733 eripientem,
1071 658 1108 720 ut
1141 650 1237 741 φόροι

181 754 331 845 audiatur,
353 757 403 822 vix
423 758 600 835 tolerabili.)

280 864 346 928 Ibd.
371 864 421 943 97,
441 865 471 930 5.
517 864 601 928 Num
623 864 700 946 περὶ
722 862 791 926 τών
813 859 1055 948 παριόντων
1082 875 1150 949 ipre
1172 869 1240 934 τάν

182 963 377 1055 παρόντων)
402 976 435 1043 ἐς
456 964 519 1036 τόν
547 971 625 1055 βίον
655 979 735 1051 (quae
756 969 789 1033 in
810 970 907 1035 vitam
927 972 1067 1038 incidunt
1085 976 1119 1039 et
1138 975 1242 1041 incur-

181 1081 261 1156 runt,
284 1069 574 1163 ααραταγχάνοι)9

270 1183 349 1248 bib.
371 1183 426 1263 ΠΙ,
449 1183 479 1260 3,
501 1189 536 1245 4:
559 1173 600 1245 τά
621 1206 657 1245 τε
680 1176 764 1244 άλλα
788 1181 856 1245 τάν
877 1186 995 1268 τειχῶν
1018 1187 1072 1251 καὶ
1096 1188 1243 1269 λιμένων

182 1293 260 1376 περὶ
291 1283 332 1355 τά
360 1279 564 1373 ἡμιτέλαατα
593 1280 813 1370 φραξάμενοι.
874 1290 944 1354 Iure
977 1291 1095 1358 haerent
1127 1294 1159 1358 iu
1195 1294 1243 1360 his

182 1401 260 1482 περὶ
282 1392 322 1462 τά
346 1390 550 1479 φ’μιτέλεοτα
572 1395 604 1457 et
628 1394 660 1457 in
682 1386 892 1477 φραξάμενοι
919 1396 984 1461 sine
1013 1398 1147 1474 obiectu,
1187 1419 1243 1464 nee

182 1507 259 1570 bene
280 1521 314 1568 sc
336 1501 509 1584 expediunt.
554 1498 775 1565 Scribendum:
806 1493 847 1567 wi
869 1528 906 1567 το
927 1499 1013 1568 ἄλλοι
1036 1505 1105 1570 τών
1125 1508 1244 1592 τειχῶν

184 1613 237 1677 καλ
261 1611 407 1694 λιμένων
430 1608 546 1690 πέριξ
569 1600 610 1669 τά
633 1599 836 1689 ἦμιτέλοατα
858 1606 1082 1696 φραξάμενοι.

268 1715 349 1783 ,Ibe
386 1717 432 1789 12,
466 1714 484 1772 2
521 1711 565 1789 (iu
597 1711 844 1796 Mitylenaeerum
876 1714 956 1795 apud
993 1715 1242 1781 Lacedaemonios

183 1826 345 1900 cretioneit
368 1823 415 1886 Εἰ
443 1813 508 1905 γάρ
537 1818 675 1883 δυνατοὶ
698 1809 787 1902 ἦμεν
810 1824 844 1883 ἐκ
866 1819 928 1885 τοὺ
956 1823 1031 1888 ἴσον
1060 1825 1115 1889 καὶ
1143 1815 1245 1888 άντε-

184 1930 410 2018 τιιβουλτάσαι
433 1927 488 1992 καὶ
517 1918 764 2008 άντιμελλῆσαί
796 1952 846 1998 τι,
884 1927 949 1992 ἔδει
982 1922 1076 2013 ἡμᾶς
1113 1936 1151 1994 ἐκ
1183 1931 1245 1995 τοὺ

184 2033 308 2123 ὁμοίου
330 2028 383 2100 ἐπ’
407 2034 547 2105 ἐκείνοις
568 2031 667 2097 εἶναι.
716 2031 880 2097 Manifeste
907 2032 1053 2100 uitiosum
1080 2039 1130 2102 est
1153 2029 1248 2102 α’ντι-

183 2144 364 2230 μελλῆοαι,
393 2159 462 2212 Ιηοη
489 2139 568 2222 quod
588 2137 771 2203 inusitatum
793 2139 850 2215 sit,
878 2129 1077 2206 nectentem
1099 2143 1138 2207 ob
1159 2143 1246 2208 addi-

181 2254 249 2316 tum
272 2249 313 2322 τί,
346 2248 406 2312 etsi
426 2246 486 2310 hcc
507 2263 562 2327 per
583 2262 617 2309 se
638 2243 711 2308 ferri
732 2245 839 2328 nequit
864 2250 948 2322 (nam
970 2247 1005 2310 τί
1026 2248 1066 2312 ed
1090 2249 1243 2314 actionem

181 2357 316 2439 aliquam
348 2352 509 2434 pertinet),
546 2350 601 2415 sed
630 2351 709 2432 quod
735 2351 802 2416 tote
829 2352 984 2417 sententia
1010 2373 1157 2435 perversa
1187 2359 1243 2420 est.

180 2464 262 2527 Nam
285 2480 354 2526 cum
377 2459 477 2523 crater
497 2457 536 2520 ab
559 2456 658 2520 altera
678 2459 765 2538 parte
787 2458 846 2522 sibi
866 2455 956 2523 obiici
970 2459 1077 2543 fingat,
1101 2461 1244 2526 debuisse

180 2568 306 2633 Lesbios
329 2560 384 2629 διά
401 2557 464 2649 τήν
479 2563 546 2627 τῶν
558 2555 760 2645 Ἀθηναίων
781 2567 944 2648 μέλλησιν
966 2569 1034 2631 των
1057 2573 1090 2639 ἐς
1113 2562 1244 2640 αάτοάς

181 2673 299 2739 δεινῶν
316 2665 443 2743 αὐτούς
457 2662 717 2752 άνταναμεῑναι,
740 2672 988 2755 respondeatque,
1012 2675 1038 2739 si
1048 2675 1163 2758 agendi
1173 2675 1242 2758 ipsi,

179 2784 215 2844 ut
236 2778 457 2853 Athenienses,
485 2774 647 2840 arbitrium
675 2775 868 2851 habuissent,
901 2779 978 2842 illud
1004 2799 1126 2862 aequum
1148 2782 1243 2847 fuisse

180 2890 227 2964 (ut
251 2886 313 2950 illis
341 2884 555 2950 cunctantibus
588 2881 682 2946 etiarn
709 2883 768 2964 ipsi
800 2885 1041 2964 cunctarentur),
1078 2887 1127 2965 in,
1161 2889 1243 2972 qnod

179 2992 347 3076 significari
380 2991 506 3074 putatur
532 2988 625 3052 verbe
651 2981 918 3074 α’ντιμολλῆοοι,
939 3010 1011 3079 ηοη
1032 2992 1065 3056 in
1087 2996 1242 3060 sententie

179 3097 388 3163 condicionem
409 3095 586 3160 continente
612 3094 685 3176 peni
712 3095 860 3173 debebat,
890 3098 944 3162 sed
972 3098 1005 3162 in
1028 3100 1240 3166 consecutione

179 3206 212 3269 et
240 3197 402 3269 οἷοιοιλόοοι
433 3203 511 3280 (ἔδει
535 3194 650 3284 ἡμᾶς).
706 3202 808 3285 Atque
837 3203 893 3290 hec
916 3203 1120 3270 Heilmannus
1152 3207 1239 3286 uidit,

178 3312 234 3376 sed
260 3312 374 3376 frustra
400 3310 439 3374 eb
472 3301 717 3391 α’ντιμολλῆοοι
755 3313 837 3384 (cum
868 3309 979 3374 vitioso
1013 3312 1058 3390 τί)
1094 3312 1240 3394 epodosin

178 3416 271 3480 ordiri
293 3420 420 3481 cenatus
453 3418 516 3492 est,
550 3434 609 3479 ηοη
642 3418 727 3478 recte
751 3413 805 3476 illc
845 3415 910 3479 ἔδει
936 3416 974 3479 ab
996 3416 1083 3481 initio
1103 3421 1237 3493 remote

177 3524 379 3605 nequeenim
402 3515 646 3605 οἷντιμολλῆοαι
675 3521 739 3584 ηΠο
765 3517 857 3583 mode
879 3521 1023 3604 coniungi
1045 3524 1149 3604 petest
1171 3543 1240 3588 cum

178 3622 231 3691 ἐπ’
254 3630 395 3701 ἐκείνοις
417 3629 520 3704 εἶναι,
551 3625 675 3692 etiamsi
695 3622 788 3706 (quod
811 3626 881 3704 pest
900 3626 1094 3711 Kruegerum
1116 3629 1240 3694 Classe-

176 3734 245 3797 nius
267 3734 354 3816 fecit)
376 3736 408 3799 in
436 3728 488 3800 ἐπ’
514 3733 663 3804 ἐκείνους
683 3733 770 3795 ἰέναι
799 3732 946 3796 mutatur.
996 3732 1078 3797 Nam
1100 3735 1241 3799 additum

102 3878 108 3885 ,
178 3846 213 3905 ἐκ
235 3842 298 3906 τοῦ
313 3836 437 3925 ὁμοῖον
452 3840 586 3907 ostendit
596 3838 647 3901 bic
659 3836 783 3900 demum
793 3835 826 3898 id
837 3835 1010 3920 significari,
1034 3840 1115 3920 quod
1137 3841 1241 3905 Lesbii

176 3947 275 4011 facere
291 3947 461 4013 debuerint.
496 3948 605 4028 Itaque
626 3942 671 4006 sic
692 3940 886 4008 scribendum
910 3946 972 4007 est:
996 3948 1026 4008 οἰ
1047 3942 1113 4032 γάρ
1138 3948 1240 4012 δονα-

175 4052 228 4118 τοὶ
251 4043 344 4137 ἦμεν
367 4059 402 4118 ἐκ
424 4054 487 4119 τοῦ
509 4055 584 4117 ἴσον
614 4053 669 4117 καὶ
698 4043 1004 4135 άντεπιβοαλεάααι
1033 4053 1090 4116 καὶ
1118 4055 1237 4119 α’ντί-
