2580 4530
204 272 264 334 722
641 268 702 326 Lib.
721 269 753 324 V.

163 468 196 533 in
234 468 324 531 unius
361 467 527 532 alteriusve
550 466 623 541 ‚loci
661 465 872 531 emendatione
903 468 1050 551 positam.
1115 469 1219 537 Sedet

164 573 323 640 scribendo
371 572 470 661 fessus
505 573 536 636 et
571 572 639 655 ipsa
673 573 824 639 tenuitate
861 573 1025 639 deterritus
1069 577 1219 642 consilium

165 678 283 744 mutavi
319 696 376 742 nec
411 677 574 761 quiequam
608 679 719 743 addam
756 680 868 762 praeter
901 679 1061 760 specimen
1099 701 1138 747 ex
1175 701 1220 747 uuo

166 784 316 867 scriptore
340 784 547 866 desumptum.
590 783 670 848 liam
694 803 762 848 eum
786 784 963 850 adolescens
987 787 1167 852 adinvenis
1189 788 1226 863 (ut

167 906 260 970 supra
282 907 311 970 p.
337 890 355 948 t
379 888 453 962 dixi)
476 889 639 974 diligenter
661 891 836 956 Graecorum
862 889 974 967 libros,
1004 892 1057 974 qui
1082 893 1123 958 de
1145 895 1228 958 rebus

166 994 316 1059 Romanis
342 996 539 1077 scripserunt,
562 997 737 1070 tractarem,
761 996 855 1061 etiam
877 996 908 1059 in
926 996 1076 1080 Dionysio
1088 998 1229 1063 Halicar·
1271 1042 1273 1047 -

162 1102 304 1166 nasseusi
334 1102 365 1164 et
389 1102 486 1165 Dione
519 1100 623 1166 Cassio
653 1103 798 1166 nonnulla
826 1101 989 1166 emendavi
1020 1103 1067 1184 (iu
1092 1104 1229 1187 Appiano

166 1207 217 1272 vix
238 1227 332 1270 unum
356 1208 411 1270 aut
432 1206 518 1284 duo);
556 1207 609 1271 sed
641 1226 677 1271 ea
710 1207 764 1272 aut
793 1207 856 1271 iarn
886 1199 1037 1289 occupata
1068 1212 1161 1274 erant
1180 1211 1229 1274 aut

167 1316 275 1396 postea
305 1314 453 1395 occupata
487 1317 559 1378 suut
589 1316 700 1396 praeter
730 1312 895 1377 admodum
923 1331 1022 1396 pauca
1050 1314 1083 1377 et
1115 1314 1230 1397 exigua,

166 1437 225 1482 uec
247 1419 353 1500 postea
375 1418 415 1481 ad
442 1419 617 1483 continuam
644 1419 752 1483 horum
780 1420 963 1502 scriptorum
988 1420 1174 1495 lectionem,
1205 1420 1230 1484 si

166 1526 369 1589 Plutarchum
384 1515 535 1607 'excipias
557 1525 644 1589 redii.
678 1524 821 1609 dionysii
842 1527 945 1589 tamen
973 1523 1148 1589 historiam
1168 1522 1229 1589 lto·

166 1649 294 1696 mauanr
327 1650 396 1694 cum
428 1629 633 1715 Kiesslingius
671 1631 788 1713 aliquot
819 1630 928 1694 abhinc
961 1648 1058 1693 annos
1094 1629 1230 1694 adhibito

164 1736 349 1818 optimorum
372 1736 509 1803 codicum
532 1737 667 1802 subsidio
694 1756 852 1801 recensere
882 1739 914 1800 et
949 1736 1039 1800 edere
1075 1735 1229 1819 coepisset,

162 1844 206 1916 ut,
223 1842 369 1924 quantum
383 1843 553 1924 profectum
568 1847 658 1937 esset,
673 1842 893 1927 intellegerem,
909 1832 1073 1926 primurn
1088 1843 1230 1907 librum

162 1948 290 2032 perlegi.
348 1949 383 2011 In
413 1968 449 2013 ea
480 1950 622 2025 lectione,
657 1947 853 2013 consideratis
888 1949 1025 2013 codicum
1059 1947 1229 2030 scripturis,

166 2058 306 2122 subnatae
330 2061 402 2123 suut
424 2057 539 2139 aliquot
560 2057 692 2120 locorum
716 2054 963 2126 emendationes,
997 2071 1074 2135 quas
1098 2053 1157 2118 hoc
1181 2073 1230 2118 ex·

163 2166 261 2229 tremo
294 2165 359 2228 loco
392 2183 522 2246 ponam,
559 2161 736 2226 intermixta
771 2178 831 2223 una
868 2160 899 2224 et
931 2159 1029 2222 altera
1063 2159 1230 2242 superioris

161 2271 318 2353 temporis.

261 2374 334 2457 Cap.
360 2379 414 2439 13:
445 2372 494 2447 οἷς
523 2369 585 2462 ἐγώ
612 2367 840 2455 πειθόμενος,
879 2375 909 2434 er'
939 2371 982 2455 τῷ
1008 2365 1081 2433 ὄντι
1103 2362 1228 2455 Ἑλλη-

162 2476 258 2550 νικόν
280 2473 455 2569 ardicuria
482 2475 518 2546 τό
546 2481 612 2544 τών
636 2475 868 2565 Ἀβοριγίνων
892 2524 899 2540 .
925 2530 931 2541 .
957 2523 977 2551 .,
1005 2477 1108 2540 τοῦτο
1135 2485 1228 2562 ἔγγο-

160 2615 222 2656 νον
253 2583 365 2652 αὐτῶν
393 2589 459 2651 τών
485 2580 668 2668 Οἰνώτρων
698 2587 880 2667 πείθομαι.
928 2583 978 2648 Sic
1012 2582 1107 2647 codex
1132 2583 1228 2648 Urbi·

162 2715 233 2770 nas;
270 2696 390 2779 reliqui,
428 2694 522 2758 etiam
543 2692 715 2768 Chisianus,
750 2692 880 2756 habent:
917 2682 1046 2754 τούτων
1084 2697 1228 2775 ὲγγονον

163 2796 247 2866 oded
270 2803 337 2865 τών
361 2795 545 2883 Οἰνώτρων
570 2800 752 2881 πείθομαι.
809 2796 926 2859 Vitium
951 2795 1078 2878 apparet
1098 2794 1132 2857 in
1157 2822 1229 2860 τιει-

161 2907 316 2992 θόμενος
350 2958 357 2972 .
392 2958 399 2973 .
434 2954 441 2967 ·
477 2908 649 2991 πείθομαι
686 2907 717 2968 ot
753 2904 923 2987 τιείθογιιιι
962 2912 1103 2986 ι’γγονον
1144 2896 1227 3004 ον’τΟό

161 3020 215 3080 aut
237 3016 350 3078 τούτο.
395 3011 505 3096 Itaque
528 3011 671 3076 Reislrius
694 3013 848 3094 τίθεμαι,
894 3008 953 3072 Sed
977 3006 1094 3072 residet
1116 3010 1229 3074 vitium

160 3123 192 3187 in
218 3123 318 3186 τοῦτο
343 3140 401 3184 non
423 3121 524 3184 minus
549 3137 639 3201 quam
655 3117 685 3181 in
702 3112 841 3191 τούτων,
857 3116 888 3178 in
900 3112 1057 3179 Urbinatis
1074 3115 1229 3198 scriptura

162 3230 256 3292 otium
279 3229 309 3292 in
333 3221 457 3293 αὐτῶν.
492 3224 709 3289 scribendum:
732 3217 864 3287 τάττοι
888 3229 1029 3307 ἔγγονον
1051 3215 1137 3285 αὐτὸ
1161 3224 1230 3288 τῶν

167 3331 360 3418 Οἰνώτρων.
407 3332 555 3415 Corrupto
578 3324 697 3403 τοῖττιο,
719 3329 858 3392 additum
882 3329 930 3392 est
951 3328 1135 3410 τιιιίθογιιιι.

264 3441 295 3506 0.
326 3441 361 3502 18
385 3459 445 3504 non
468 3438 648 3502 mutandum
672 3438 738 3501 erat
759 3434 965 3500 Herodoteum
989 3427 1096 3499 αὐτοι)
1118 3432 1229 3523 ταύτῃ

165 3548 246 3632 (apso
270 3545 325 3608 Ιιοο
348 3545 423 3623 loeo)
452 3545 484 3608 in
511 3545 574 3608 his:
605 3544 690 3614 ναίς
711 3547 777 3626 μὲν
806 3536 916 3606 οὗτοι]
938 3535 1046 3629 ταύτῃ
1070 3543 1230 3606 καταλεί-

164 3680 277 3732 νιοοοι,
303 3653 356 3718 scd
380 3652 571 3735 paulopost,
593 3650 645 3714 ubi
670 3649 784 3713 editur:
815 3642 969 3730 norlaude
994 3641 1100 3713 αὐτοί
1124 3675 1229 3714 κατα·

165 3757 358 3844 στήσαντες,
394 3778 409 3823 e
436 3758 577 3823 Chisiauo
610 3749 677 3827 (ἐπ’
703 3748 841 3833 αὐτούς)
871 3756 1071 3820 scribendum
1105 3756 1230 3822 videtur

162 3861 219 3933 ἐπ’
242 3863 396 3938 αὐτοῖς.

269 3972 302 4038 O.
326 3975 365 4034 25
395 3991 411 4036 ο
433 3968 570 4053 vestigiis
593 3970 751 4035 amborum
773 3969 965 4052 antiquorum
988 3967 1128 4033 codicum
1150 3971 1229 4036 sori-
