2580 4530
209 259 249 324 96
667 259 728 317 Lib.
747 261 769 317 I.

167 462 242 527 bent
265 463 297 526 εὴ
318 461 368 526 vel
388 461 521 526 marimo
545 462 752 528 coniecturam
774 480 900 547 regere,
931 459 1078 525 sermonis
1099 434 1233 525 scientia

168 566 285 632 ratione
319 568 350 631 et
386 585 444 630 usu
471 567 652 633 confirmata
691 572 722 634 et
753 570 858 652 legum
888 583 984 650 gnara
1018 566 1049 629 et
1080 565 1232 630 naturalis

168 671 320 737 libertatis
342 674 374 737 et
402 672 586 752 inflexionis,
612 661 716 737 rerum
748 671 1029 754 sententiarumque
1057 671 1089 734 et
1114 688 1231 748 earum,

169 797 236 861 quoe
258 778 376 861 proprie
403 776 436 840 in
465 795 582 860 quoque
610 797 698 862 opere
725 780 913 854 tractentur,
943 777 975 841 et
1006 760 1145 852 earum,
1163 794 1232 857 quae

170 901 206 947 er
238 883 449 948 communibus
484 883 676 966 antiquitatis
709 884 877 960 institutis,
911 880 1054 959 historia,
1082 881 1232 964 opinioni-

170 988 226 1052 bus
247 987 469 1071 intercurrant,
497 989 727 1074 intellegentia,
754 1008 861 1056 aeneus
884 989 922 1053 ad
944 989 1073 1053 aliorum
1095 986 1234 1070 cogitata

171 1111 188 1157 e
204 1094 306 1158 verbis
322 1094 516 1176 percipienda
531 1092 641 1160 natura
657 1097 695 1183 et
703 1094 917 1177 exercitatione
934 1095 1033 1175 aptus,
1048 1091 1182 1176 prudens
1195 1091 1233 1156 de

171 1197 355 1283 scriptorum
370 1200 436 1264 arte
456 1202 487 1264 et
507 1200 723 1266 consuetudine
746 1204 777 1266 et
791 1199 927 1266 consitis
941 1198 1088 1263 iudicium
1110 1206 1142 1262 et
1161 1214 1232 1279 pro·

170 1305 337 1370 habilitatis
360 1305 392 1369 in
413 1305 461 1382 iis,
484 1325 550 1388 quae
573 1305 610 1369 de
631 1307 827 1388 scriptoribus
843 1305 948 1377 aliisve
969 1303 1128 1387 (librariis)
1150 1303 1233 1368 cradi

169 1411 297 1493 possint,
319 1410 493 1475 aestimatio.
552 1410 594 1473 lit
625 1430 799 1495 quanquam
825 1412 870 1476 ita
898 1411 1073 1492 comparata
1099 1427 1149 1474 res
1173 1409 1233 1487 est,

170 1515 206 1578 ut
237 1533 298 1579 non
328 1533 446 1596 pauca,
484 1535 551 1598 quae
584 1516 623 1598 ad
656 1517 757 1599 ipsam
783 1518 906 1601 tantum
935 1515 1079 1582 orationis
1099 1513 1233 1579 formam

171 1620 408 1702 grammaticam
431 1622 462 1686 et
483 1640 660 1686 communes
688 1623 855 1688 sententias
882 1622 1053 1704 pertinent,
1080 1622 1163 1686 recte
1184 1621 1234 1684 iu-

172 1725 267 1790 dicari
302 1727 334 1790 et
366 1727 477 1810 corrigi
513 1728 607 1792 etiam
634 1726 672 1792 ab
700 1746 735 1792 eo
760 1730 896 1810 possint,
931 1726 983 1810 qui
1013 1727 1187 1811 argumenti
1214 1746 1234 1790 a

171 1831 367 1914 scriptoribus
399 1824 520 1916 proprie
552 1833 676 1898 tractati
707 1853 766 1898 non
797 1835 930 1899 multam
963 1851 1021 1897 nec
1056 1833 1233 1896 accuratam

80 1956 84 1960 ·
172 1937 378 2021 cognitionem
398 1937 704 2022 intellegentiamque
726 1940 849 2018 afferat,
881 1943 986 2004 tamen
1008 1956 1067 2002 non
1089 1937 1233 2022 exiguum

171 2043 219 2107 est
239 2043 420 2125 periculum,
443 2065 481 2109 ne
504 2045 571 2127 quis
593 2045 669 2110 fines
690 2045 845 2111 mansiliat
867 2048 899 2110 et
920 2045 959 2108 ad
974 2061 1019 2122 eo,
1041 2042 1150 2124 quibus
1172 2061 1234 2108 non

172 2148 314 2225 sufficiat,
338 2149 587 2233 progredietur¹).

255 2254 348 2319 litia
371 2256 510 2319 codicum
531 2255 654 2337 quidem
676 2255 815 2320 dissensu
836 2259 940 2339 aperto
974 2257 1010 2325 et,
1035 2253 1177 2333 notabili,
1207 2254 1235 2320 si

173 2357 214 2436 id,
235 2359 315 2442 quod
328 2359 521 2423 tolerabilem
536 2359 702 2423 orationem
717 2361 960 2443 sententiamque
975 2360 1096 2425 videtur
1109 2360 1234 2438 habere,

172 2466 204 2529 in
232 2465 404 2529 recentibus
434 2465 555 2527 tantum
584 2463 793 2546 suspectisque
823 2466 977 2530 codicibus
1004 2465 1171 2548 reperitur,
1201 2466 1234 2529 in

173 2570 259 2635 bonis
284 2572 385 2635 autem
408 2571 439 2632 et
458 2569 517 2632 fide
541 2569 640 2653 dignis
663 2570 773 2634 litterae
790 2572 821 2635 et
835 2572 927 2635 verba
942 2570 1107 2636 manifesto
1128 2590 1234 2653 prava,

173 2693 240 2757 quae
263 2693 299 2738 err
318 2675 373 2737 illa
393 2675 491 2738 altera
512 2674 663 2757 scriptura
685 2693 783 2738 errore
816 2676 934 2741 detorta
962 2678 994 2740 et
1022 2678 1128 2758 postea
1150 2677 1236 2741 facili

173 2778 383 2861 probabilique
404 2780 574 2846 coniectura
603 2780 642 2844 ad
671 2779 757 2844 illam
785 2781 928 2847 revocata
949 2780 1046 2846 videri
1069 2782 1235 2864 nequeant,

172 2884 205 2948 id
225 2884 288 2948 iam
312 2884 451 2949 sufficere
474 2886 565 2951 debet
591 2886 630 2951 ad
657 2884 798 2953 sanitatis
825 2887 960 2969 speciem
986 2887 1170 2966 tollendam,
1199 2889 1269 2967 ut,

174 3008 210 3054 er
231 2989 391 3054 meliorum
413 2988 553 3055 codicum
574 2992 713 3076 vestigiis
743 2993 918 3057 coniectum
937 3011 1043 3057 verum
1070 2993 1236 3085 quaeratur,

137 3129 140 3139 ·
175 3095 233 3159 etsi
256 3095 319 3159 fere
340 3113 461 3176 semper
482 3096 607 3175 accedit,
630 3098 665 3160 ut
685 3097 728 3176 id,
751 3097 831 3181 quod
845 3100 877 3162 in
900 3097 1098 3163 deterioribus
1122 3097 1235 3162 codici-

174 3201 230 3266 bus
253 3201 309 3278 sit,
336 3200 426 3281 paulo
449 3198 626 3283 diligentius
649 3222 810 3268 excussum
831 3205 975 3270 orationis
999 3204 1235 3295 autsententiae

173 3306 284 3371 vibam
317 3307 429 3371 habere
460 3309 630 3390 reperiatur
662 3312 715 3375 aut
746 3311 858 3374 saltem
889 3310 1070 3393 languidum
1103 3327 1170 3374 esse
1203 3311 1236 3374 et

173 3413 256 3478 iners
278 3431 334 3478 nec
356 3411 480 3477 oonsilio
501 3413 664 3496 scriptoris·
680 3417 796 3496 aptum.
846 3414 1038 3480 Deteriorum
1060 3416 1164 3479 autem
1185 3432 1235 3479 co-

198 3679 224 3746 ’)
243 3681 404 3751 Exemplum
428 3681 503 3734 lusus
530 3680 615 3755 critici
642 3697 730 3735 rerum
760 3681 949 3750 intellegentia
976 3699 1083 3752 prorsus
1110 3681 1234 3745 carentia,

203 3826 208 3835 ,
245 3770 291 3825 sed
310 3772 391 3826 simul
408 3773 504 3826 iudicii
522 3776 549 3827 et
566 3773 595 3826 in
615 3772 750 3841 codicibus
770 3764 934 3828 estimandis
952 3778 980 3828 et
998 3775 1028 3828 in
1046 3773 1125 3827 rebus
1143 3791 1234 3843 grum·

243 3865 349 3919 matiois
367 3865 516 3919 tractandis
534 3866 602 3918 levis
620 3869 649 3920 et
666 3865 783 3935 perversi
800 3865 865 3919 olim
880 3864 1085 3920 Wakefieldium
1097 3864 1234 3935 descripsi,

244 3956 362 4011 Lucretii
380 3958 511 4012 editorem
530 3965 633 4028 [opusc.
652 3957 725 4015 acad.
747 3958 760 4011 I
783 3974 810 4027 p.
832 3961 885 4013 305
910 3961 987 4029 sqq),
1009 3952 1101 4028 postea
1123 3957 1234 4013 Goeren-

243 4050 321 4117 aiurn,
341 4065 372 4103 ex
390 4051 463 4104 omni
481 4050 624 4120 pravitatis
641 4067 738 4123 genere
756 4049 923 4120 equabiliter
939 4050 1092 4108 conflatum.
