2580 4530
579 233 640 290 Lib.
660 236 703 294 11.
1070 241 1130 305 20?

210 425 252 490 nt
274 427 407 493 fortasse
428 426 487 493 fuit
508 428 540 493 in
562 429 695 512 antiquis
708 433 861 500 codicibus
874 435 975 502 forma
996 438 1085 504 alteri
1106 439 1172 506 voci

109 529 232 612 propior
270 523 406 617 γλήμαο
439 539 494 599 aut
525 527 669 618 γλλμαο.
722 539 962 622 Aristophanem
988 545 1097 609 notum
1124 546 1172 612 est

109 637 215 722 ιῆμοι
240 640 273 703 οι
295 639 412 723 λημᾶν
434 639 529 705 eoam
553 641 592 706 ao
612 643 751 709 animum
771 646 977 714 censuisse.
1071 632 1073 639 “

209 744 277 811 ibd.
291 745 352 806 110
362 763 492 827 pravum
513 739 611 833 θάνῃ
632 766 649 813 e
672 743 815 839 φθάνῃ
837 752 1052 852 faciliusoriri
1072 754 1172 839 potuit

109 869 262 936 quamex
282 849 362 928 aliis,
385 870 452 934 quae
471 851 638 920 substituta
659 858 740 924 sunt.

209 956 279 1022 lod.
302 957 379 1020 137:

246 1065 288 1130 Σὲ
309 1055 339 1130 δ’
361 1057 448 1131 ὅταν
470 1061 584 1152 πληγή
608 1060 689 1140 Διὸς
709 1060 732 1151 ἢ
754 1064 904 1154 ζαμενής

244 1162 344 1255 λόγος
367 1176 403 1235 ἐκ
424 1171 569 1239 Δαναῶν
591 1164 783 1265 νανόθρονς
806 1175 925 1263 ἐπιβῇ,

244 1279 355 1363 μέγαν
376 1273 478 1343 ὄκνον
500 1285 560 1364 ἔχοι
583 1280 638 1345 καλ
662 1272 877 1366 πεφόβημαι.

210 1381 306 1448 Miror
332 1383 444 1466 duplex
477 1384 516 1450 ad
543 1380 605 1451 οόν
633 1380 735 1473 λόγον
764 1387 941 1453 adiunctum
971 1386 1168 1465 adiectivum,

107 1488 193 1570 prius
220 1507 281 1554 non
304 1489 498 1572 aptissimum
532 1491 571 1569 ad
605 1484 722 1584 λόγον,
763 1493 853 1559 elteri
881 1492 998 1558 nomini
1026 1489 1168 1581 (πληγή)

108 1595 240 1659 nullum·
272 1595 400 1661 Fuitne:
424 1600 457 1661 οὲ
478 1589 602 1663 δ’ὅναν
615 1593 763 1686 ζαμενής
780 1595 893 1686 πληγή
905 1595 1024 1685 Λιόςῆ
1044 1606 1048 1680 λ
1068 1595 1169 1688 λόγος

109 1708 144 1767 ἐκ
167 1703 313 1769 Δαναῶν
336 1694 528 1787 κακόθρονς
550 1706 677 1792 ἐπιβῄλ

209 1809 277 1874 Ibd.
299 1809 376 1872 237:

333 1910 393 1980 δύο
417 1908 635 2002 δὀἱργλνιοδας
649 1913 769 2004 κριούς.
786 1907 926 1982 α’νολῶν.
1033 1936 1036 1940 ’

210 2015 339 2105 Κριοιλς
360 2015 496 2088 οἷνελεῑν
517 2043 578 2089 non
599 2028 672 2108 puto
693 2024 800 2090 Graece
822 2021 883 2086 dici
904 2021 963 2085 nisi
987 2019 1025 2084 de
1045 2019 1167 2095 occisis;

107 2127 211 2210 itaque
232 2146 301 2191 cum
331 2147 369 2193 ex
392 2130 536 2211 proximis
565 2133 725 2214 appareat,
753 2149 813 2194 non
845 2126 958 2193 occisos
992 2126 1166 2210 significari,

107 2233 303 2315 scribendum
324 2233 402 2298 mihi
422 2234 541 2300 videtur
564 2229 740 2322 α’φιλών,
772 2237 808 2300 ut
829 2252 986 2318 separasse
1008 2233 1062 2299 hos
1090 2233 1166 2299 duos

107 2339 220 2404 arietes
248 2340 327 2406 Aiax
348 2360 366 2405 a
387 2340 512 2425 reliquis
534 2343 696 2422 dicatur.¹)

205 2446 273 2510 lod.
294 2448 372 2511 477:

261 2548 335 2619 Οὐκ
358 2548 402 2619 οἲν
425 2555 593 2640 πριαίμην
614 2547 754 2625 οὐδενός
775 2544 876 2638 λόγον
898 2550 1037 2636 βροτόν,

258 2655 350 2733 ὅστις
373 2675 524 2727 κεναῖσιν
546 2662 679 2727 ἐλπίσιν
700 2659 939 2743 θερμαίνεται.
1073 2648 1076 2653 ’

205 2767 301 2831 Recte
315 2767 471 2832 Nauckius
487 2766 598 2848 (1867)
622 2764 791 2847 πριαίμην
813 2764 956 2833 unorum
978 2764 1069 2838 dixit;
1092 2783 1164 2829 nam

106 2873 135 2934 et
156 2891 211 2954 per
233 2891 267 2936 se
299 2874 438 2956 ineptum
465 2874 512 2937 est
542 2891 597 2936 nec
625 2862 723 2955 λόγος
749 2871 882 2953 pretium
913 2874 973 2944 est,
1008 2890 1066 2953 quo
1098 2869 1164 2951 quis

107 2979 235 3042 ematur.
275 2978 454 3044 Ponendum
465 2978 646 3061 simpliciter
667 2977 886 3060 ποιοίμην,
907 2977 1164 3059 primaccrrepta.

205 3083 273 3148 Ibd.
297 3084 358 3146 600
379 3101 486 3167 sequor
508 3085 641 3167 proxime
664 3083 782 3151 codices
805 3070 996 3164 scribcqucz‘

240 3182 328 3274 'Epor'
352 3182 381 3254 δ”
402 3184 421 3254 o‘
443 3185 581 3274 τλάμων
603 3184 749 3262 παλαιός
770 3183 828 3274 c'rp'
851 3175 893 3254 οὗ
913 3179 1031 3272 χρόνος

235 3291 347 3361 Ἴιλαια
371 3297 510 3380 μίμνων
533 3290 683 3379 λειμώνί
705 3293 830 3362 ἄποινα
851 3288 972 3379 μήλων

238 3393 433 3489 οἷνήριθμος
456 3407 527 3469 αἰὲν
549 3397 709 3486 εὐνώμαι.

124 3597 143 3658 ιι
172 3597 204 3652 V.
224 3600 275 3653 269
294 3600 363 3653 male
382 3603 520 3655 enarratur
538 3605 566 3656 et
584 3602 617 3656 ob
637 3619 692 3655 eam
706 3616 811 3655 causam
824 3613 909 3666 nuper
921 3610 1002 3666 prava
1013 3591 1163 3646 coniectura

174 3691 339 3761 aSeyfferto
357 3695 477 3747 mutatus
495 3697 543 3748 est.
585 3695 735 3756 Tecmessa,
759 3711 786 3747 se
806 3694 833 3744 et
856 3690 965 3743 Aiacem
991 3683 1024 3738 cb
1044 3697 1161 3734 commu·

172 3786 281 3839 nionem
299 3784 412 3838 fortunae
430 3786 459 3838 in
478 3802 558 3841 unam
572 3789 648 3856 quasi
664 3800 801 3856 personam
810 3780 939 3845 conflans,
959 3775 1043 3831 Nobis
1068 3775 1160 3843 igitur,

174 3879 273 3948 inquit,
292 3877 362 3931 male
380 3877 477 3932 accidit
495 3877 674 3949 (crepacem,
693 3878 825 3948 quodnon
844 3874 898 3927 iam
910 3870 1000 3926 morbo
1013 3866 1162 3922 laboramus

173 3971 257 4041 (quod
277 3970 366 4024 Aiacis
384 3969 457 4024 furor
474 3970 575 4038 desiit).
612 3971 681 4025 Nam
699 3971 762 4024 dum
787 3966 900 4029 furebat,
919 3980 969 4034 ego
993 3960 1050 4016 sole
1067 3956 1163 4012 misera

172 4079 253 4126 eram,
273 4064 331 4131 ipse
348 4062 497 4126 letabatur,
516 4078 586 4116 nunc
603 4062 680 4116 ambo
699 4074 846 4114 moeramus.
