2580 4530
163 269 204 333 36
431 251 439 264 ’
593 269 653 325 uro.
672 270 696 326 1.

121 470 211 536 silia
226 470 380 535 inierat.
402 468 484 537 linat
501 472 591 535 tunc
609 468 717 534 urbis
734 468 929 535 custodiis
947 471 1183 554 praepositus

121 576 155 643 Ο.
176 576 373 645 Maecenas.
425 576 469 642 M.
498 575 644 643 Varronis
681 577 732 640 est
755 575 962 658 fragmentum
994 594 1011 642 c
1043 576 1185 641 Bimarco

32 722 36 730 ·
120 683 216 748 satira
236 683 317 764 apud
334 683 470 749 Nonium
490 702 521 765 p.
543 681 604 744 248
626 680 671 746 sic
692 698 886 764 expressum:
909 678 1104 746 Sosiuses
1125 683 1185 747 ho-

119 790 264 866 stibus,
298 789 424 854 socius
449 787 510 853 ita
539 788 689 853 bellum
716 787 835 872 garis,
869 788 908 850 ut
934 788 1037 853 bella
1058 788 1186 854 omnia

120 895 271 961 domum
292 894 457 960 auferas.
500 894 695 961 Restitnetur
711 912 840 958 acumen
860 894 1062 981 apertissimae
1078 894 1184 960 formae

118 1003 368 1078 retractarem,
405 1021 471 1084 quae
498 1001 570 1083 post
588 999 783 1064 -hostibus
817 998 944 1064 excidit:
991 998 1185 1080 Socioses

118 1104 993 1188 hostibus‚hostissociis;itabellumgen-iacet.
1030 1105 1123 1188 Apud
1135 1106 1186 1172 dr-

120 1231 262 1278 oercnem
275 1213 415 1278 dedomo
428 1212 488 1275 128
500 1212 617 1277 codices
629 1211 769 1276 habenta
796 1211 1080 1277 statuebantur
1098 1232 1184 1290 arae,

119 1338 199 1401 quae
221 1317 458 1411 religionem
477 1317 665 1382 afferrent
685 1316 763 1399 ipsi
785 1317 817 1380 si
837 1316 923 1383 loco
938 1321 1075 1384 essent
1090 1337 1185 1385 con·

119 1425 301 1497 sacratae2⁴
339 1424 381 1487 ut
396 1423 462 1488 tota
473 1421 611 1488 condicio
626 1423 730 1505 inepta
746 1425 795 1488 cst
806 1423 860 1506 (-
875 1424 943 1506 quis
959 1424 1040 1489 enim
1052 1444 1121 1493 aras
1135 1446 1185 1492 re·

118 1529 263 1616 ligicnem
275 1530 421 1597 allaturas
442 1529 551 1610 putare
572 1529 703 1610 poterat,
725 1529 753 1594 si
775 1547 837 1593 non
849 1530 1184 1612 essenteonsecracaea)

117 1638 150 1702 et
168 1637 270 1715 loco,
294 1635 374 1719 quod
395 1635 440 1701 sio
460 1634 597 1717 positum
619 1634 1014 1718 significaredebetrecto
1037 1640 1074 1703 ot
1095 1640 1184 1720 apto

118 1742 218 1821 loco,
241 1742 430 1809 sententiam
452 1760 513 1806 non
534 1741 643 1829 tabet3
675 1740 753 1822 ipsi
774 1739 908 1806 editores
930 1744 984 1806 aut
1003 1743 1108 1809 delent
1131 1748 1186 1809 aut

113 1850 150 1931 ¹in
171 1849 270 1932 ipsae
294 1849 427 1926 mutant,
447 1847 529 1932 quod
548 1847 658 1912 vitiose
680 1846 825 1921 abundat.
873 1847 1044 1932 Scripserat
1065 1849 1184 1916 Cicero:

119 1975 196 2040 quae
222 1955 455 2040 religionem
476 1954 666 2019 afferrent
686 1953 771 2037 ,ipsi
798 1954 828 2020 ci
849 1955 950 2031 loco,
973 1972 1034 2043 quo
1056 1958 1186 2023 essent

118 2063 368 2127 consecratae.
412 2061 489 2127 cum
502 2060 664 2126 excidisset
685 2079 754 2143 quc
768 2063 840 2144 post
861 2080 918 2139 co,
940 2060 1035 2127 etiam
1050 2064 1084 2127 ei
1099 2063 1132 2127 in
1151 2064 1184 2129 si

116 2168 248 2233 transiit.
295 2166 416 2231 Excidit
443 2185 521 2248 quas
547 2169 619 2249 post
647 2185 741 2248 aqua
769 2166 850 2248 apud
882 2166 1030 2231 Senecam
1061 2167 1183 2248 quaestt

117 2277 179 2339 nat.
206 2274 248 2350 Π,
279 2273 318 2334 25
346 2275 378 2337 et
404 2273 455 2348 26,
485 2272 537 2354 qui
563 2273 648 2336 locus
675 2272 719 2336 sic
741 2270 920 2336 scribendus
950 2273 982 2336 et
1002 2272 1183 2338 continuan-

117 2379 247 2444 dusest:
275 2377 489 2460 oumtnubss)
510 2376 776 2453 sinthumidae‚
795 2376 870 2441 imo
888 2377 976 2455 udae,
998 2376 1181 2459 quomodo

115 2486 282 2567 possunt
294 2483 607 2568 gignereignem,
622 2500 813 2565 qucmncn
827 2484 949 2566 magis
967 2480 1182 2549 verisimile

117 2593 176 2655 cst
196 2589 287 2655 fieri
310 2609 353 2655 ex
373 2590 469 2654 nube
491 2607 601 2671 quam
624 2606 664 2652 er
692 2604 805 2668 aqua,
828 2607 908 2670 quae
930 2606 973 2652 ex
993 2591 1094 2655 nube
1115 2609 1182 2654 na-

118 2696 266 2760 scitur?
319 2695 475 2779 Apparet,
507 2713 601 2777 quam
627 2696 696 2776 apte
727 2694 863 2758 extrema
886 2694 952 2759 haec
980 2695 1181 2761 conclusionis

118 2819 210 2866 causa
245 2800 417 2881 addantnrp
449 2801 541 2884 vulgo
572 2799 665 2864 verba
693 2798 745 2863 Ex
776 2800 873 2863 nube
906 2800 1090 2865 nascitur·
1115 2801 1182 2866 sins

116 2907 181 2973 ulla
200 2907 355 2971 sententia
377 2926 431 2990 per
453 2926 486 2971 se
509 2905 672 2989 ponuntur,
696 2903 790 2968 etiam
812 2903 844 2969 in
869 2905 938 2969 ncvi
957 2905 1065 2989 eapitis
1080 2905 1180 2971 initio.

115 3014 203 3079 Idem
224 3011 313 3094 epist.
333 3013 383 3090 21,
410 3014 428 3074 9
450 3012 496 3077 sio
517 3012 697 3094 scripserat:
740 3011 984 3076 inbecillum
1007 3011 1180 3077 diuidere
1223 3058 1225 3065 ι

117 3119 354 3187 sententiam
377 3122 416 3183 e't
438 3137 589 3201 sequor,
612 3117 710 3201 quod
732 3118 849 3200 probo
873 3117 917 3196 (id
939 3121 995 3192 cst,
1021 3136 1090 3182 eam
1108 3137 1179 3201 par·
1223 3154 1225 3163 =

116 3230 180 3293 tem
202 3224 497 3303 diuma-sententiae,
520 3242 613 3307 quam
635 3224 753 3306 probo).
802 3224 852 3288 Eo
873 3224 1064 3289 libentius
1086 3225 1178 3307 Epi·
1222 3248 1225 3291 ε

114 3332 195 3401 cuni
222 3329 375 3414 egregia
402 3329 509 3396 dicta
535 3348 799 3406 commemoro,
823 3331 895 3394 -cet
938 3329 1060 3395 Omisso
1081 3329 1178 3413 quod
1220 3354 1225 3401 ι

113 3442 184 3524 post
216 3438 385 3522 (astquor
412 3435 567 3502 sententia
599 3438 631 3501 et
650 3434 756 3503 oratio
784 3436 971 3517 pessundata
996 3437 1063 3514 est,
1084 3454 1177 3518 quam
1222 3468 1225 3513 ι

112 3546 247 3621 Haasius
269 3543 410 3617 adiuvate
433 3536 596 3607 infelititer
618 3541 747 3607 studuit.
804 3540 863 3621 Qui
884 3541 981 3606 dividi
1000 3542 1086 3607 iubet
1108 3561 1177 3606 sen-
1219 3572 1225 3627 p

112 3651 253 3728 tentiam,
274 3669 335 3715 non
358 3648 458 3715 totam
479 3647 625 3728 sequitur.
672 3648 769 3712 Paulo
791 3648 911 3732 longius
932 3648 1106 3712 aberratum
1128 3649 1177 3713 ost
1218 3678 1225 3737 p

112 3757 192 3840 apud
213 3755 362 3820 Senecam
383 3756 472 3820 Rhet.
493 3773 524 3836 p.
546 3753 606 3814 172
630 3754 704 3835 (153
726 3754 845 3836 Bur·S.):
880 3754 1175 3836 Obieoitpatri.
1218 3794 1225 3846 Ι

111 3863 208 3947 quod
228 3861 390 3927 fratrem
411 3861 639 3938 abdicasset,
656 3861 946 3938 ncnschemate,
968 3861 1035 3925 sed
1056 3867 1173 3926 certo.
1217 3914 1225 3977 q

107 3968 216 4053 Neque
243 3967 369 4037 omnino
398 3968 502 4033 certo
531 3965 703 4030 obiicere
732 3966 842 4035 dicitur
867 3958 968 4049 'neque
990 3968 1174 4032 contrarium

110 4076 158 4140 est
185 4074 229 4151 ei,
252 4074 332 4157 quod
357 4092 412 4154 per
432 4073 563 4157 figuram
591 4074 623 4138 et
644 4073 726 4139 tecte
748 4072 793 4136 fit.
842 4071 995 4156 Scriptum
1019 4077 1086 4140 erat
1107 4072 1173 4138 sed
1216 4126 1225 4195 ἡ
