2580 4530
220 264 281 326 554
637 261 698 318 Lib.
717 261 767 319 IV.

275 459 344 527 Ibd.
366 461 426 525 379
453 462 495 540 (6,
517 464 584 540 21)2
618 461 672 527 καί
700 453 786 544 ἡμῖν
812 454 1066 546 σίναβαίνουσιν
1087 454 1132 547 ἤν
1153 464 1230 548 δῆλα

175 566 217 634 ‘cu'
244 570 374 652 ἐρείπια
394 569 455 652 τῆς
477 553 635 654 σχοινίοις.
679 569 764 633 Imo:
787 568 847 652 τῆς
869 568 1034 646 κονίας,
1058 568 1190 650 natoue

275 674 339 740 Lib.
365 673 413 738 IX
431 674 536 757 p.401
571 677 613 752 (2,
641 676 687 752 2):
724 666 843 761 σῖμωγῄ
877 674 912 740 δὲ
951 675 1007 740 καί
1030 677 1169 762 παιδείᾳ
1187 670 1232 762 μή

166 784 407 867 ’χρησαμένους
430 781 505 846 ἐπεί
537 780 625 866 μηδὲ
651 775 733 852 τούς
759 773 811 846 αἐί
840 785 1117 865 προὶσταμένονς
1138 832 1145 849 .
1169 829 1177 845 .
1198 829 1231 846 ..

176 890 232 954 ἐπί
256 881 381 972 μικρὸν
403 884 465 953 τόν
486 880 608 973 χρόνον
631 901 826 970 συμμεῖναι.
867 887 928 953 Pro
951 889 1026 955 ἐπεί
1046 890 1152 976 μηδέ,
1172 909 1233 974 quae

174 995 346 1060 Meinehius
367 994 433 1059 iure
455 995 588 1072 notavit,
616 993 810 1058 scribendum
839 997 1048 1076 ἐπιμελεῖ.
1095 996 1230 1075 (casaub.

176 1103 371 1186 ἐπιτηδεία.)

274 1207 343 1272 Ibd.
366 1205 427 1268 403
448 1207 489 1283 (2,
512 1205 558 1282 9)ε
579 1198 644 1286 τήν
666 1205 744 1289 περί
767 1199 874 1272 αὐτόν
896 1198 1037 1292 α’πιίτην
1058 1206 1232 1293 μὲταμνιῦ-

175 1341 241 1380 ναι.
285 1305 653 1394 86111).;σίμαρτίαν.

275 1417 344 1482 Ihd.
365 1417 426 1478 406
449 1418 490 1493 (1,
515 1417 565 1495 16)
591 1436 684 1500 prave
706 1417 850 1482 contrarii
871 1418 1024 1500 ponuntur
1044 1418 1133 1483 fluvii
1155 1411 1233 1483 α’να-

174 1518 329 1613 χεόμενοι
361 1526 410 1594 εἰς
442 1520 485 1588 τοί
522 1523 623 1589 πεδία
656 1526 688 1589 et
724 1525 964 1610 ἐμπίπτοντες.
1015 1523 1232 1589 scribendum:

176 1631 343 1715 ποταμῶν
360 1623 600 1715 α’ναχεομίνων
617 1634 665 1703 είς
684 1623 772 1696 αὐτοί
790 1631 858 1695 τῶν
880 1623 1233 1715 διεμπιπτόντων,

176 1739 248 1806 εἶτα
272 1730 420 1821 ἐκρύσεις
450 1731 713 1822 λαμβανόντωνε
747 1760 816 1800 eam
839 1735 941 1822 flavii,
974 1738 1030 1822 qai
1058 1736 1093 1799 ira
1115 1757 1235 1822 campos

174 1845 311 1908 incidunt
331 1852 358 1905 et
379 1864 427 1905 eoa
445 1855 627 1927 pereurrant
651 1849 696 1926 (σί
719 1844 858 1928 deutoro),
879 1852 1060 1928 νοείσριιιιιί,
1083 1852 1137 1906 στί.

279 1944 431 2014 116461
458 1950 671 2028 (2,18)sor.:
704 1942 941 2033 ἀφανισθῆναι
967 1942 996 2015 δ’
1023 1942 1152 2024 ariade
1174 1955 1237 2032 (pro

177 2059 211 2125 dd
233 2050 385 2134 ταύτας).
576 2055 580 2063 ’

276 2163 341 2228 Ibd.
354 2160 415 2223 412
437 2161 482 2241 (2,
507 2162 562 2242 31)
585 2154 793 2227 ethnam
808 2156 888 2244 ὅρος
906 2161 1234 2248 (1911111111γεωλοῳίσ

177 2263 274 2352 καλή.
328 2268 459 2349 Reliqua
491 2266 610 2331 ineerta
644 2268 731 2344 sunt3
771 2267 902 2332 fortasse
926 2266 986 2332 fuit
1012 2269 1056 2355 τῇ
1089 2262 1235 2354 εὐυδρίᾳ.

175 2375 346 2441 Meinekius
377 2371 505 2436 delendo
531 2374 689 2452 grassatus
717 2375 778 2449 est,
808 2373 967 2438 violentius
994 2375 1098 2439 tamen
1122 2395 1153 2458 p.
1176 2375 1236 2437 415

174 2483 242 2547 init.
271 2482 313 2557 (2,
340 2479 409 2558 40),
443 2477 496 2541 nbi
518 2496 576 2541 non
613 2477 746 2542 debebat
773 2478 914 2543 Straboni
947 2480 1088 2544 subtrahi
1118 2499 1237 2565 pannus

175 2610 191 2654 e
206 2585 400 2672 philosophia
414 2586 537 2648 assutus
550 2602 623 2647 sane
637 2583 751 2665 inepto,
772 2585 804 2648 in
826 2603 884 2667 quo
903 2603 1016 2668 genere
1039 2586 1113 2668 quid
1128 2587 1237 2652 Strabo

177 2694 372 2760 committere
400 2690 550 2772 potuerit,
578 2689 714 2754 ostendit
734 2690 820 2754 loeus
842 2691 879 2755 de
903 2689 1063 2757 Curetibus
1091 2693 1123 2756 et
1144 2693 1236 2777 Cory·

173 2800 318 2866 bentibus
339 2797 370 2860 iu
392 2797 471 2861 libro
494 2795 524 2858 X
552 2816 581 2878 p.
605 2797 665 2858 467
688 2815 756 2879 sqq.
787 2801 830 2874 (3,
852 2797 870 2856 9
895 2802 982 2880 sqq.).
1033 2796 1096 2868 Sed
1116 2799 1149 2862 in
1170 2799 1235 2863 looo

173 2905 285 2971 iniuria
303 2903 404 2967 deleto
426 2921 480 2984 pro
509 2895 717 2988 εὐεργεσίαις
740 2905 860 2986 φέρωσι
882 2903 1078 2968 scribendum
1098 2903 1234 2970 videtur:

174 3007 284 3098 ετέργ.
310 3009 495 3091 πειρῶσι.

173 3214 369 3223 -——-—

200 3345 222 3410 1)
240 3345 270 3398 P.
280 3345 333 3400 384
352 3343 387 3411 (7,
408 3345 434 3409 1)
452 3341 553 3395 frustra
570 3341 721 3394 Meinelrius
740 3344 873 3410 repugnat
883 3341 975 3396 Curtio
994 3339 1029 3396 οὗ
1046 3343 1234 3412 συνελθούσης

241 3438 270 3491 in
290 3436 323 3490 οὐ
343 3435 512 3503 συνεστώσης
529 3433 654 3487 mutanti.
691 3432 806 3487 Etiamsi
833 3431 866 3487 οὐ
891 3433 1037 3504 συνιούσης
1063 3435 1231 3501 scriberetur,

241 3545 348 3598 prorsus
372 3529 400 3579 et
423 3526 591 3594 tautologum
614 3527 684 3577 esset
707 3527 735 3578 et
758 3529 850 3580 eontra
867 3527 1009 3584 historiam
1027 3529 1066 3595 (p.
1083 3529 1157 3596 386).
1200 3530 1232 3583 Ρ.

243 3623 295 3677 393
314 3621 373 3688 (ΙΧ,
385 3623 409 3685 1,
422 3623 449 3687 9)
469 3612 506 3673 ὧν
519 3622 580 3688 post
593 3616 690 3687 ἡρώων
700 3617 854 3674 addideram
867 3621 976 3690 ignarus
988 3637 1004 3675 a
1014 3617 1171 3676 Casaubouo
1180 3623 1233 3676 iam

241 3713 373 3766 adiectum
392 3728 457 3766 esse.
487 3713 518 3768 P.
527 3714 579 3768 396
596 3712 635 3777 (7,
654 3712 698 3777 16)
717 3712 906 3766 revocandum:
927 3711 983 3779 ὁρῶ
1001 3711 1050 3781 τὴν
1070 3712 1231 3780 ἀκρόπολιν,

239 3803 335 3860 καὶτὸ
355 3805 417 3872 περὶ
435 3809 485 3875 τῆς
502 3806 627 3873 τριαίνης
645 3802 699 3874 ἔχει
718 3825 744 3857 τι
764 3811 884 3874 σημεῖον.
921 3805 1050 3874 Hegesias
1069 3804 1145 3871 dicit,
1166 3805 1232 3876 quid

240 3897 293 3950 sibi
312 3914 416 3966 quaque
435 3898 601 3952 Athenarum
627 3899 654 3952 et
673 3898 770 3951 Attica
795 3899 870 3966 parte
897 3897 926 3950 iu
950 3901 1067 3951 mentem
1092 3901 1186 3954 veniat
1203 3901 1231 3954 et

239 3991 317 4058 quasi
334 3992 399 4043 nota
415 3991 538 4059 apposita
550 3991 681 4059 signetur.
712 3991 745 4045 Iu
764 4007 823 4047 aree
840 3990 1026 4045 tantummodo
1038 4008 1119 4046 unam
1139 3997 1230 4049 notam

240 4083 382 4153 signifieat,
397 4082 511 4136 Polemo
528 4083 741 4137 memorabilium
760 4086 886 4152 quattuor
904 4080 988 4136 libros
1005 4083 1174 4152 impleverat.
