2580 4530
590 249 651 304 use.
668 249 707 305 ru
761 233 764 239 '

211 445 368 513 Phanias.
390 447 480 524 1150,
504 446 598 508 1151:

262 545 363 637 ἡμῶν
385 547 414 616 τ’
432 534 471 625 ἐς
492 543 596 626 οόδας
618 551 704 627 εἶδες
725 547 770 619 όν
792 550 859 639 πρό
882 559 1015 642 τειχέων

264 654 418 732 πυκνοός
441 660 693 745 κυβιστητῆρας
715 657 997 736 ἐκπεπνευκότας.

79 798 82 807 ·
209 763 347 831 Pravum
368 759 659 857 ἐκπεπνευκότας,
687 765 742 831 sed
769 767 848 849 quod
874 768 1076 835 Marklandus
1100 772 1173 837 sub-

114 868 230 947 stituit,
264 867 520 951 ἐκνενευκότας,
554 890 613 937 nou
642 871 718 941 satis
743 890 811 937 rem
837 873 979 956 exprimit
1010 894 1068 940 neo
1100 895 1174 942 oon·

112 975 193 1057 grute
213 995 285 1041 oum
312 983 347 1051 ἐς
369 970 484 1052 οὖδας.
528 978 657 1043 Videtur
677 977 771 1042 foisse
793 975 1121 1055 ἐκπεπτωκότας.

207 1082 408 1168 Fragmenta
446 1076 561 1168 uliduot
586 1083 739 1166 Euripidis
771 1083 1003 1151 emendaveram
1038 1086 1113 1153 olim
1133 1068 1174 1151 ¹iu

110 1186 262 1272 Philolog.
286 1189 302 1253 Ι
323 1211 354 1273 p.
376 1191 436 1253 eta
458 1211 523 1274 sqq.
567 1191 612 1255 Ex
632 1190 671 1255 iis
691 1189 954 1257 emendationibus
975 1193 1084 1276 prima,
1107 1212 1174 1277 qua

108 1293 243 1373 pertinet
271 1296 311 1360 ad
337 1297 435 1381 Augae
468 1295 556 1373 (olim
583 1296 674 1381 AEgei
705 1295 881 1379 putabatur)
908 1297 1115 1383 fragmentum
1143 1321 1172 1364 u.

108 1398 178 1476 273,
213 1400 400 1468 aNauolrio
428 1401 644 1485 Diudorfioque
679 1419 717 1466 ne
750 1406 1007 1471 commemoratur
1038 1404 1173 1488 quidem,

108 1509 154 1570 est
184 1509 294 1597 tumen
329 1509 361 1572 et
391 1508 549 1574 lenissima
588 1500 620 1571 et
652 1509 750 1573 oerta:
788 1503 932 1594 Πτηνδς
967 1503 1114 1586 διώκεις,
1148 1502 1173 1577 ὦ
1213 1580 1216 1585 ,

108 1618 240 1688 τέκνον,
263 1608 326 1687 τός
347 1614 497 1687 ἐλπίδας.
517 1625 522 1692 Ι
544 1607 619 1680 Oen
648 1606 829 1699 η’τόχησας,
851 1616 912 1698 της
939 1618 1041 1702 τόχης
1062 1610 1092 1682 δ’
1112 1610 1173 1704 οὐχ

109 1716 156 1789 εἷς
180 1713 311 1802 τρόπος
332 1720 434 1803 (oodd.
454 1714 516 1787 οὐκ
537 1714 656 1805 ἡτόχη
674 1720 738 1806 γε.)
781 1721 946 1798 Admonet,
968 1721 1172 1806 quiloquitur‚

108 1843 203 1890 ranas
227 1844 299 1908 spes
320 1827 498 1906 mittendas,
520 1827 738 1910 nequeiniquae
759 1826 890 1891 fortunae
904 1826 972 1893 loeo
988 1826 1172 1907 habendum,

108 1931 188 2013 quod
211 1950 272 1996 non
295 1950 331 1997 ea
351 1933 429 2015 ipsa,
451 1953 543 2017 quam
567 1932 645 1997 alter
664 1932 805 2009 voluerit,
826 1932 913 1997 bouae
935 1930 1174 1999 fortunatorma

108 2036 280 2121 mutigerit
334 2037 421 2117 Quod
452 2039 484 2103 in
519 2038 764 2120 Bellerophontis
795 2039 967 2122 fragmento
1000 2040 1085 2118 (287)
1116 2059 1172 2123 pro

107 2134 292 2228 α’ληόνεται
339 2143 431 2209 scribi
471 2145 621 2236 iusseram
664 2138 868 2228 ἁβρύνεται,
916 2148 1174 2211 oommemoratur

108 2249 236 2326 saltem,
284 2267 342 2314 neo
385 2250 662 2316 commendandum
711 2250 849 2333 pluribus
888 2246 971 2332 putu.
1035 2252 1172 2318 Alterius

107 2354 246 2419 eiusdem
284 2354 440 2438 tragoediae
482 2357 648 2440 fragmenti
688 2339 772 2435 (288)
822 2356 945 2432 eadem,
990 2377 1082 2439 quam
1117 2378 1172 2444 ego

108 2461 252 2536 seueram,
276 2462 423 2526 comestio
445 2460 520 2525 alibi
540 2463 663 2545 reperta
685 2466 741 2527 est.
784 2464 820 2526 In
835 2462 985 2546 Meleagri
999 2463 1173 2548 fragmento

108 2567 199 2647 (537)
217 2565 374 2631 Nauokius
397 2567 512 2632 felioior
533 2569 628 2633 fuisso
649 2569 784 2645 videtum
806 2569 838 2635 in
860 2568 962 2650 (Edipi
986 2570 1071 2646 (547)
1094 2570 1173 2635 Fixii

107 2673 254 2737 eorrectio
287 2673 362 2737 satis
395 2673 529 2738 violenta
561 2675 747 2739 senteutiam
779 2692 840 2737 non
868 2674 976 2752 efficit,
1009 2694 1076 2758 quae
1104 2677 1172 2741 effi-

107 2782 237 2851 ceretur,
260 2778 288 2841 si
308 2798 361 2860 pro
378 2793 532 2862 κρεῖσσον
553 2780 736 2844 scriberetur
758 2773 945 2864 κράτιστον.
990 2781 1171 2848 Necessario

107 2882 168 2946 dioi
199 2883 301 2960 debet,
337 2885 455 2950 nullum
489 2905 555 2950 esse
590 2904 682 2950 uxore
707 2886 871 2968 pretiosius
897 2887 1009 2971 χρῆμα
1037 2887 1111 2968 (vel,
1137 2892 1172 2952 ut

107 2987 264 3052 Nauekius
297 2991 485 3073 suspicatur,
519 2994 658 3076 κτῆμα»
692 3010 727 3056 ea
759 2993 912 3083 sententia
944 2992 1076 3056 efficitur
1102 3013 1173 3059 mea

107 3094 294 3159 reflectione
325 3149 331 3160 .
356 3146 394 3160 ..
428 3092 472 3170 οἷς
501 3099 613 3181 μόνης
645 3099 713 3163 των
747 3090 929 3182 χρημάτων
962 3091 1173 3182 (κτημάτων)

106 3200 138 3262 τί
173 3194 330 3282 κρεῖσσόν
362 3209 453 3268 ἐστιν
481 3197 596 3287 οἷνδρὶ,
626 3196 768 3288 σώφρον’
795 3197 841 3287 ἦν
870 3195 979 3289 λα’βης
1023 3203 1059 3265 In
1082 3203 1172 3267 OEnei

106 3307 281 3390 fragmento
310 3309 396 3386 (563)
424 3329 477 3374 our
506 3310 543 3373 de
572 3310 744 3375 certissima
772 3309 984 3374 emendatione
1014 3316 1098 3385 (τοῖς
1119 3303 1171 3391 ἐφ’

108 3409 196 3495 η’βης
219 3417 315 3478 παισὶ
339 3415 405 3479 των
428 3409 604 3481 ὀλωλότων
628 3435 683 3498 pro
706 3430 777 3488 τοῖς
799 3411 989 3499 ἐφηβηοαοι
1012 3414 1080 3478 τῶν
1102 3406 1171 3496 όλ.)

108 3518 281 3593 dubitetur,
322 3522 440 3598 neseio,
483 3541 554 3586 oum
593 3521 763 3605 praesertim
801 3522 899 3586 παισί
940 3519 1053 3603 requiri
1090 3519 1171 3583 Her·
1262 3607 1264 3611 Ι

107 3644 239 3690 mannus
262 3646 381 3710 quoquo
402 3627 525 3700 viderit,
554 3627 585 3690 in
618 3626 694 3709 ipsis
716 3626 829 3691 litteris
851 3627 1028 3691 lateranen
1050 3624 1170 3689 viderit.

108 3731 141 3794 ln
182 3732 362 3798 Philoctetae
399 3731 571 3816 fragmento
608 3733 694 3810 (795)
736 3731 889 3796 Badbami
925 3730 1172 3795 emendationem

106 3857 183 3902 meae
220 3840 357 3922 praefero.
407 3838 444 3900 ln
476 3837 630 3901 Phoeniois
662 3838 798 3902 versibus
833 3837 918 3914 (801)
951 3837 1062 3901 saltem
1094 3834 1172 3899 nibil

106 3944 216 4008 nebus
243 3949 351 4027 postea
372 3946 530 4008 inventum
553 3943 610 4021 est,
632 3962 724 4025 quam
754 3940 833 4024 quod
854 3959 1030 4025 posueram:
1074 3945 1171 4026 Μαχ-

106 4043 220 4132 θηρόν
249 4059 340 4118 ἐστιν
368 4044 466 4134 α’νδρὶ
498 4045 694 4137 πρεσβύτῃ,
731 4054 843 4123 τέκνα,
862 4050 868 4130 Ι
887 4043 1046 4136 ζόηωοις,
1077 4042 1171 4152 όοτις

217 4159 221 4166 ’
940 4165 970 4211 re
