2580 4530
570 279 632 336 un.
650 281 702 338 nr.
962 238 965 243 ¹
1066 287 1125 349 μιν

110 500 177 543 curn
195 478 366 564 sagittariis
388 481 420 543 et
441 478 564 562 quidem
583 481 781 565 plerisque
807 490 1037 568 comparantur;
1063 491 1168 554 contra

108 605 197 669 prave
209 585 395 652 omionneur
407 583 583 653 Graecorum
595 586 749 669 sagittarii
770 610 840 655 cum
855 593 982 659 Rhodiis
1005 595 1168 662 coniuncti.

108 691 234 756 Accedit
267 691 380 755 codicis
420 690 443 755 C
476 691 640 770 indicium,
673 694 704 757 in
738 715 796 779 quo
834 700 1001 765 πλείστων
1021 701 1169 766 'secunda

108 799 230 863 demum
266 816 375 862 manus
411 797 540 863 addidit.
596 792 797 866 scribendum
832 803 870 867 ad
905 805 983 870 hanc
1015 807 1164 871 formam:

108 900 320 988 μακρότερον
331 897 396 989 γοῖρ
410 910 490 970 οἵτε
501 897 632 970 ‘Pteme
650 908 719 971 cciv
731 909 876 991 Περσῶν
888 892 1100 996 ἐσφενδόνων
1112 917 1166 978 καὶ

108 1016 171 1078 τῶν
194 1013 342 1086 τοξοτῶν
364 1016 401 1076 οἱ
415 1012 588 1095 Κρῆτες
611 1006 811 1087 ἐτόξευον.
862 1019 889 1080 Α
911 1021 1057 1094 τοξοτῶν
1079 1020 1168 1083 aber-

108 1119 185 1184 ravit
210 1119 316 1183 oculru
344 1118 383 1181 ad
406 1117 574 1193 ἐτόξευον,
609 1120 696 1201 quasi
724 1121 756 1184 id
785 1123 848 1186 iarn
871 1125 1055 1207 scripsisset.
1101 1127 1168 1189 lam

107 1230 187 1291 recte
209 1225 272 1289 ulia
293 1225 330 1289 de
353 1224 520 1304 sanctonis
545 1225 782 1310 subiunguntur.

205 1331 272 1396 lod.
295 1332 325 1407 4,
349 1331 406 1394 21:
433 1319 539 1396 Οιλτοι
563 1331 597 1396 δὲ
619 1326 860 1418 πορευόμενοι,
883 1330 987 1402 ὁπότε
1009 1339 1168 1420 μονουμ-

109 1432 230 1503 κὺπτοι
256 1435 298 1502 τά
327 1440 462 1521 κέρατα,
493 1433 668 1521 ὑπέμενον
700 1435 847 1525 ὕστεροι,
877 1440 961 1509 ὥστε
989 1437 1040 1527 μ’μ’
1075 1448 1168 1527 ἐνοχ-

108 1546 176 1610 λεῖν
198 1556 271 1616 τοῖς
294 1546 418 1629 κε’ρασι,
441 1537 517 1610 τότε
541 1545 575 1610 ιλὲ
597 1547 756 1632 παρῆγον
771 1553 899 1624 ἔξωθεν
915 1544 1168 1636 τώνκεριλτων·

107 1643 209 1716 ὁπότε
234 1651 268 1715 di
293 1641 461 1735 διάσχοιεν
483 1656 518 1714 οἱ
540 1653 684 1735 πλευραὶ
712 1655 773 1719 τοι]
795 1658 969 1730 πλαισιόυ,
997 1651 1035 1720 ud
1064 1660 1169 1736 μέσον

108 1754 149 1824 ιῖν
174 1758 436 1842 ἐξεπίμπλασαν
459 1783 487 1821 κ.
509 1785 539 1822 τ.
563 1761 593 1823 λ.
640 1760 779 1824 Primum
805 1762 999 1827 scribendum
1022 1751 1116 1828 οὗτοι
1141 1755 1170 1826 δ’

108 1860 491 1948 ἐπιπορευόμενοι,
534 1865 565 1929 in
602 1886 661 1949 quo
701 1867 792 1932 cardo
831 1868 876 1932 rei
907 1869 1053 1942 verticum
1096 1866 1169 1932 na'm

108 1965 314 2057 ἐπορεύοντο
339 1990 459 2047 omnes;
483 1970 593 2036 deiude
614 1973 801 2055 respondent
820 1975 900 2039 inter
922 1995 955 2040 se
976 1968 1082 2040 ὁπότε
1103 1978 1169 2059 μὲν

106 2072 292 2167 συγκύπτοι
316 2081 347 2144 et
376 2069 480 2143 ὁπότε
517 2078 551 2143 δὲ
583 2071 765 2165 διάσχοιεν,
797 2081 878 2145 inter
911 2100 977 2165 qnae
1008 2079 1085 2145 nihil
1104 2080 1170 2162 apti

106 2188 163 2252 loci
191 2187 288 2252 habet
314 2177 390 2249 τότε
413 2185 471 2261 «λε’,
504 2186 599 2249 Recte
629 2185 724 2270 igitur
745 2185 863 2251 codices
896 2187 1055 2252 meliores:
1089 2183 1171 2260 τους

108 2295 150 2359 σε’.
205 2292 240 2357 Si
273 2291 498 2376 consurgebant
533 2310 662 2368 cornua,
700 2294 900 2358 remanebant
932 2293 1072 2358 cohortes
1107 2293 1169 2356 illae

106 2399 308 2476 subsidiariae,
344 2398 463 2482 partem
486 2398 580 2462 etiam
613 2418 737 2463 suorum
770 2402 855 2465 extra
891 2401 989 2464 latera
1021 2418 1168 2465 cornuum

107 2506 358 2589 convergentium
387 2503 553 2567 mittebant
583 2505 708 2581 (liessen
740 2508 829 2573 einen
859 2507 945 2570 Theil
978 2506 1031 2569 der
1058 2505 1170 2570 Mann-

106 2613 206 2677 schaft
233 2611 411 2676 ausserhelb
438 2610 491 2673 der
521 2609 659 2674 Flanken
685 2610 869 2677 descensis
901 2631 939 2677 an
962 2613 1063 2678 seiner
1086 2611 1169 2676 Seite

105 2709 317 2796 marschiren).
326 2718 351 2800 ¹)

206 2825 272 2888 Lib.
293 2824 348 2902 IV,
367 2824 397 2898 5,
419 2826 455 2888 8:
479 2825 702 2908 παρατρέχειν
722 2824 790 2888 τινί
808 2824 885 2888 nihil
906 2827 969 2900 est;
991 2842 1046 2887 nec
1067 2825 1170 2887 minus

106 2932 263 3013 ineptum,
291 2931 318 2995 si
348 2931 487 2994 absolute
515 2930 680 3013 accipitur,
708 2930 1023 3011 praetercurrere.
1071 2930 1170 2994 Valde

107 3057 220 3115 vereor,
244 3055 282 3101 ne
305 3037 372 3118 quis
405 3036 463 3100 hoo
496 3035 663 3110 addiderit,
687 3052 914 3100 succurrere
935 3034 1033 3116 accipi
1055 3034 1169 3099 volens.

107 3144 236 3208 Dativus
259 3144 373 3225 pendet
395 3162 413 3207 a
435 3134 635 3221 deddvooc.⁹)

197 3249 265 3314 lbd.
289 3248 307 3331 ξ
333 3250 380 3311 18.
402 3250 511 3332 Inepta
538 3249 570 3312 et
589 3267 645 3331 per
666 3265 699 3312 se
721 3265 820 3311 causae
842 3244 1027 3330 significatio
1048 3246 1081 3309 'in
1109 3242 1169 3310 ιλτε

107 3352 336 3441 ὑγιαίνοντες,
364 3358 395 3420 et
424 3355 498 3420 satis
531 3374 566 3419 ex
587 3353 763 3419 narratione
783 3353 878 3435 patet
899 3368 962 3416 non
983 3371 1091 3416 omnes
1114 3372 1168 3417 va-

107 3464 209 3528 luisse.
255 3462 425 3544 Scripscrat
444 3461 630 3544 Xenophon:
655 3466 743 3524 ἕνθα
767 3453 808 3544 (λη’
830 3463 864 3526 οἱ
887 3450 1170 3540 ὀπισθοφύλακες
1246 3522 1249 3528 ,

129 3728 189 3793 ’λὲ
220 3733 255 3786 48
282 3749 295 3783 e
324 3729 458 3782 codicibus
487 3729 668 3783 scribendum:
698 3728 777 3797 μόλις
805 3728 946 3798 ἑπόμενος,
974 3726 1031 3795 ipse
1062 3729 1170 3794 Propter

176 3824 269 3889 gravia
287 3840 361 3877 anna
387 3824 432 3876 vix
462 3823 632 3890 subsequens
679 3823 784 3876 Milites
802 3821 844 3875 vix
863 3825 1003 3889 sequentes
1021 3819 1168 3888 Xenophon

176 3917 277 3970 frustra
294 3917 418 3969 iussisset
435 3917 572 3982 παριέναι,

130 4007 153 4074 ²)
172 4009 237 4076 Cap.
256 4013 286 4069 2,
314 4012 347 4063 13
367 4009 411 4061 nui
436 4013 497 4063 ante
525 4009 606 4062 πάλιν
630 4012 790 4060 notaveram.
833 4005 915 4058 Video
934 4006 987 4058 iarn
1004 4005 1171 4067 aKruegero

178 4104 308 4152 notatum.
