<?xml version="1.0" encoding="UTF-8"?>
<!DOCTYPE html PUBLIC "-//W3C//DTD XHTML 1.0 Transitional//EN"
    "http://www.w3.org/TR/xhtml1/DTD/xhtml1-transitional.dtd">
<html xmlns="http://www.w3.org/1999/xhtml" xml:lang="en" lang="en">
 <head>
  <title>
</title>
<meta http-equiv="Content-Type" content="text/html;charset=utf-8" />
  <meta name='ocr-system' content='tesseract 3.04.00' />
  <meta name='ocr-capabilities' content='ocr_page ocr_carea ocr_par ocr_line ocrx_word'/>
</head>
<body>
  <div class='ocr_page' id='page_1' title='image "./adversariacriti00madvgoog_0143.png"; bbox 0 0 2580 4530; ppageno 0'>
   <div class='ocr_carea' id='block_1_1' title="bbox 184 288 723 352">
    <p class='ocr_par' dir='ltr' id='par_1_1' title="bbox 184 288 723 352">
     <span class='ocr_line' id='line_1_1' title="bbox 184 288 723 352; baseline 0.002 -9"><span class='ocrx_word' id='word_1_1' title='bbox 184 290 242 352; x_wconf 68' lang='lat'>124</span> <span class='ocrx_word' id='word_1_2' title='bbox 366 310 368 317; x_wconf 87' lang='grc'><em>·</em></span> <span class='ocrx_word' id='word_1_3' title='bbox 622 288 681 345; x_wconf 59' lang='lat' dir='ltr'>Libe</span> <span class='ocrx_word' id='word_1_4' title='bbox 700 291 723 345; x_wconf 89' lang='lat'>1.</span> 
     </span>
    </p>
   </div>
   <div class='ocr_carea' id='block_1_2' title="bbox 136 489 1205 889">
    <p class='ocr_par' dir='ltr' id='par_1_2' title="bbox 136 489 1205 889">
     <span class='ocr_line' id='line_1_2' title="bbox 136 489 1203 573; baseline -0.001 -19"><span class='ocrx_word' id='word_1_5' title='bbox 136 489 323 555; x_wconf 79' lang='lat' dir='ltr'>testimoniis</span> <span class='ocrx_word' id='word_1_6' title='bbox 351 492 383 554; x_wconf 91' lang='lat' dir='ltr'>et</span> <span class='ocrx_word' id='word_1_7' title='bbox 409 491 652 556; x_wconf 72' lang='lat' dir='ltr'><strong>testimoniorum</strong></span> <span class='ocrx_word' id='word_1_8' title='bbox 679 489 818 573; x_wconf 84' lang='lat' dir='ltr'>vestigiis</span> <span class='ocrx_word' id='word_1_9' title='bbox 849 490 962 565; x_wconf 77' lang='lat' dir='ltr'>nixam,</span> <span class='ocrx_word' id='word_1_10' title='bbox 984 489 1203 571; x_wconf 76' lang='lat' dir='ltr'>addemusque,</span> 
     </span>
     <span class='ocr_line' id='line_1_3' title="bbox 139 582 1202 679; baseline -0.002 -20"><span class='ocrx_word' id='word_1_11' title='bbox 139 582 216 669; x_wconf 84' lang='lat' dir='ltr'>utin</span> <span class='ocrx_word' id='word_1_12' title='bbox 228 596 388 679; x_wconf 77' lang='lat' dir='ltr'>querendo</span> <span class='ocrx_word' id='word_1_13' title='bbox 399 614 470 661; x_wconf 87' lang='lat' dir='ltr'>vero</span> <span class='ocrx_word' id='word_1_14' title='bbox 477 595 560 660; x_wconf 85' lang='lat' dir='ltr'>liber</span> <span class='ocrx_word' id='word_1_15' title='bbox 571 596 673 660; x_wconf 90' lang='lat' dir='ltr'>animo</span> <span class='ocrx_word' id='word_1_16' title='bbox 685 613 792 660; x_wconf 83' lang='lat' dir='ltr'>cursus</span> <span class='ocrx_word' id='word_1_17' title='bbox 803 597 835 660; x_wconf 89' lang='lat' dir='ltr'>in</span> <span class='ocrx_word' id='word_1_18' title='bbox 846 614 951 661; x_wconf 90' lang='lat' dir='ltr'>omnes</span> <span class='ocrx_word' id='word_1_19' title='bbox 962 595 1065 679; x_wconf 89' lang='lat' dir='ltr'>partes</span> <span class='ocrx_word' id='word_1_20' title='bbox 1072 595 1202 676; x_wconf 89' lang='lat' dir='ltr'>permit-</span> 
     </span>
     <span class='ocr_line' id='line_1_4' title="bbox 140 698 1204 779; baseline -0.001 -14"><span class='ocrx_word' id='word_1_21' title='bbox 140 701 252 766; x_wconf 89' lang='lat' dir='ltr'>tendus</span> <span class='ocrx_word' id='word_1_22' title='bbox 265 704 320 777; x_wconf 88' lang='lat' dir='ltr'>est,</span> <span class='ocrx_word' id='word_1_23' title='bbox 344 701 389 766; x_wconf 92' lang='lat' dir='ltr'>sio</span> <span class='ocrx_word' id='word_1_24' title='bbox 409 701 650 779; x_wconf 83' lang='lat' dir='ltr'>inter-veritatis</span> <span class='ocrx_word' id='word_1_25' title='bbox 669 701 800 764; x_wconf 85' lang='lat' dir='ltr'>inventae</span> <span class='ocrx_word' id='word_1_26' title='bbox 822 698 910 766; x_wconf 82' lang='lat' dir='ltr'>notas</span> <span class='ocrx_word' id='word_1_27' title='bbox 931 720 1008 779; x_wconf 82' lang='lat' dir='ltr'>esse,</span> <span class='ocrx_word' id='word_1_28' title='bbox 1034 700 1060 764; x_wconf 91' lang='lat' dir='ltr'>si</span> <span class='ocrx_word' id='word_1_29' title='bbox 1082 700 1204 764; x_wconf 87' lang='lat' dir='ltr'>enimus</span> 
     </span>
     <span class='ocr_line' id='line_1_5' title="bbox 138 806 1205 889; baseline -0.003 -19"><span class='ocrx_word' id='word_1_30' title='bbox 138 806 171 870; x_wconf 94' lang='lat' dir='ltr'>in</span> <span class='ocrx_word' id='word_1_31' title='bbox 182 826 242 872; x_wconf 92' lang='lat' dir='ltr'>uno</span> <span class='ocrx_word' id='word_1_32' title='bbox 254 806 356 888; x_wconf 87' lang='lat' dir='ltr'>aliquo</span> <span class='ocrx_word' id='word_1_33' title='bbox 365 806 412 871; x_wconf 83' lang='lat' dir='ltr'>ita</span> <span class='ocrx_word' id='word_1_34' title='bbox 425 807 526 872; x_wconf 85' lang='lat' dir='ltr'>oertns</span> <span class='ocrx_word' id='word_1_35' title='bbox 538 808 694 883; x_wconf 82' lang='lat' dir='ltr'>oonsistat‚</span> <span class='ocrx_word' id='word_1_36' title='bbox 706 808 741 870; x_wconf 92' lang='lat' dir='ltr'>ut</span> <span class='ocrx_word' id='word_1_37' title='bbox 752 807 829 870; x_wconf 90' lang='lat' dir='ltr'>nihil</span> <span class='ocrx_word' id='word_1_38' title='bbox 839 808 987 889; x_wconf 78' lang='lat' dir='ltr'>preterea</span> <span class='ocrx_word' id='word_1_39' title='bbox 998 825 1053 870; x_wconf 89' lang='lat' dir='ltr'>nee</span> <span class='ocrx_word' id='word_1_40' title='bbox 1064 806 1205 888; x_wconf 87' lang='lat' dir='ltr'>anquirat</span> 
     </span>
    </p>
   </div>
   <div class='ocr_carea' id='block_1_3' title="bbox 27 907 1205 997">
    <p class='ocr_par' dir='ltr' id='par_1_3' title="bbox 27 907 1205 997">
     <span class='ocr_line' id='line_1_6' title="bbox 27 907 1205 997; baseline 0.001 -21"><span class='ocrx_word' id='word_1_41' title='bbox 27 937 33 958; x_wconf 72' lang='lat'>=</span> <span class='ocrx_word' id='word_1_42' title='bbox 142 931 199 978; x_wconf 89' lang='lat' dir='ltr'>neo</span> <span class='ocrx_word' id='word_1_43' title='bbox 221 912 368 995; x_wconf 85' lang='lat' dir='ltr'>aooipiat;</span> <span class='ocrx_word' id='word_1_44' title='bbox 387 907 470 977; x_wconf 78' lang='lat' dir='ltr'>&#39;nam</span> <span class='ocrx_word' id='word_1_45' title='bbox 497 916 548 997; x_wconf 90' lang='lat' dir='ltr'>qui</span> <span class='ocrx_word' id='word_1_46' title='bbox 571 915 651 978; x_wconf 88' lang='lat' dir='ltr'>inter</span> <span class='ocrx_word' id='word_1_47' title='bbox 679 913 781 995; x_wconf 90' lang='lat' dir='ltr'>plures</span> <span class='ocrx_word' id='word_1_48' title='bbox 810 912 981 996; x_wconf 82' lang='lat' dir='ltr'>corrigendi</span> <span class='ocrx_word' id='word_1_49' title='bbox 1008 913 1074 978; x_wconf 85' lang='lat' dir='ltr'>ries</span> <span class='ocrx_word' id='word_1_50' title='bbox 1095 912 1205 977; x_wconf 79' lang='lat' dir='ltr'><strong>incerti</strong></span> 
     </span>
    </p>
   </div>
   <div class='ocr_carea' id='block_1_4' title="bbox 138 1017 1205 1208">
    <p class='ocr_par' dir='ltr' id='par_1_4' title="bbox 138 1017 1205 1208">
     <span class='ocr_line' id='line_1_7' title="bbox 138 1017 1205 1102; baseline -0.003 -19"><span class='ocrx_word' id='word_1_51' title='bbox 138 1019 264 1096; x_wconf 84' lang='lat' dir='ltr'>baerent,</span> <span class='ocrx_word' id='word_1_52' title='bbox 286 1017 350 1081; x_wconf 91' lang='lat' dir='ltr'>fere</span> <span class='ocrx_word' id='word_1_53' title='bbox 372 1038 390 1083; x_wconf 95' lang='lat' dir='ltr'>a</span> <span class='ocrx_word' id='word_1_54' title='bbox 412 1037 484 1084; x_wconf 88' lang='lat' dir='ltr'>vera</span> <span class='ocrx_word' id='word_1_55' title='bbox 506 1020 696 1102; x_wconf 86' lang='lat' dir='ltr'>aliquantum</span> <span class='ocrx_word' id='word_1_56' title='bbox 719 1019 840 1083; x_wconf 89' lang='lat' dir='ltr'>absunt.</span> <span class='ocrx_word' id='word_1_57' title='bbox 883 1019 963 1084; x_wconf 92' lang='lat' dir='ltr'>Boni</span> <span class='ocrx_word' id='word_1_58' title='bbox 983 1019 1087 1083; x_wconf 91' lang='lat' dir='ltr'>antem</span> <span class='ocrx_word' id='word_1_59' title='bbox 1106 1017 1205 1083; x_wconf 89' lang='lat' dir='ltr'>oritioi</span> 
     </span>
     <span class='ocr_line' id='line_1_8' title="bbox 139 1123 1204 1208; baseline -0.001 -20"><span class='ocrx_word' id='word_1_60' title='bbox 139 1126 187 1188; x_wconf 90' lang='lat' dir='ltr'>est</span> <span class='ocrx_word' id='word_1_61' title='bbox 207 1126 239 1188; x_wconf 92' lang='lat' dir='ltr'>et</span> <span class='ocrx_word' id='word_1_62' title='bbox 259 1123 309 1189; x_wconf 84' lang='lat' dir='ltr'>via</span> <span class='ocrx_word' id='word_1_63' title='bbox 330 1143 367 1193; x_wconf 87' lang='lat' dir='ltr'>ao</span> <span class='ocrx_word' id='word_1_64' title='bbox 388 1125 506 1189; x_wconf 90' lang='lat' dir='ltr'>ratione</span> <span class='ocrx_word' id='word_1_65' title='bbox 527 1123 751 1208; x_wconf 83' lang='lat' dir='ltr'>progredientis</span> <span class='ocrx_word' id='word_1_66' title='bbox 779 1126 810 1189; x_wconf 85' lang='lat' dir='ltr'>et</span> <span class='ocrx_word' id='word_1_67' title='bbox 831 1126 931 1190; x_wconf 84' lang='lat' dir='ltr'>artem</span> <span class='ocrx_word' id='word_1_68' title='bbox 952 1124 1094 1190; x_wconf 89' lang='lat' dir='ltr'>habentis</span> <span class='ocrx_word' id='word_1_69' title='bbox 1116 1125 1204 1201; x_wconf 83' lang='lat' dir='ltr'>seire,</span> 
     </span>
    </p>
   </div>
   <div class='ocr_carea' id='block_1_5' title="bbox 10 1230 1205 1313">
    <p class='ocr_par' dir='ltr' id='par_1_5' title="bbox 10 1230 1205 1313">
     <span class='ocr_line' id='line_1_9' title="bbox 10 1230 1205 1313; baseline -0.002 -18"><span class='ocrx_word' id='word_1_70' title='bbox 10 1246 13 1252; x_wconf 88' lang='grc'><strong><em>·</em></strong></span> <span class='ocrx_word' id='word_1_71' title='bbox 138 1248 292 1312; x_wconf 83' lang='lat' dir='ltr'>quousque</span> <span class='ocrx_word' id='word_1_72' title='bbox 313 1232 506 1311; x_wconf 78' lang='lat' dir='ltr'>processerit</span> <span class='ocrx_word' id='word_1_73' title='bbox 540 1233 571 1295; x_wconf 90' lang='lat' dir='ltr'>et</span> <span class='ocrx_word' id='word_1_74' title='bbox 591 1250 662 1295; x_wconf 92' lang='lat' dir='ltr'>oum</span> <span class='ocrx_word' id='word_1_75' title='bbox 683 1231 722 1294; x_wconf 89' lang='lat' dir='ltr'>ad</span> <span class='ocrx_word' id='word_1_76' title='bbox 742 1248 850 1294; x_wconf 86' lang='lat' dir='ltr'>verum</span> <span class='ocrx_word' id='word_1_77' title='bbox 871 1231 1052 1313; x_wconf 78' lang='lat' dir='ltr'>pervenerit,</span> <span class='ocrx_word' id='word_1_78' title='bbox 1075 1230 1205 1294; x_wconf 87' lang='lat' dir='ltr'>firmiter</span> 
     </span>
    </p>
   </div>
   <div class='ocr_carea' id='block_1_6' title="bbox 134 1321 1210 2487">
    <p class='ocr_par' dir='ltr' id='par_1_6' title="bbox 134 1321 1210 2487">
     <span class='ocr_line' id='line_1_10' title="bbox 137 1321 1204 1427; baseline -0.001 -27"><span class='ocrx_word' id='word_1_79' title='bbox 137 1335 170 1400; x_wconf 94' lang='lat' dir='ltr'>id</span> <span class='ocrx_word' id='word_1_80' title='bbox 190 1337 294 1400; x_wconf 92' lang='lat' dir='ltr'>tenere</span> <span class='ocrx_word' id='word_1_81' title='bbox 316 1335 496 1418; x_wconf 85' lang='lat' dir='ltr'>abiectaque</span> <span class='ocrx_word' id='word_1_82' title='bbox 516 1336 654 1427; x_wconf 84' lang='lat' dir='ltr'>instabili</span> <span class='ocrx_word' id='word_1_83' title='bbox 675 1336 846 1418; x_wconf 80' lang='lat' dir='ltr'>suspicione</span> <span class='ocrx_word' id='word_1_84' title='bbox 867 1321 898 1400; x_wconf 85' lang='lat' dir='ltr'>et</span> <span class='ocrx_word' id='word_1_85' title='bbox 920 1335 1117 1413; x_wconf 71' lang='lat' dir='ltr'>dubitatione,</span> <span class='ocrx_word' id='word_1_86' title='bbox 1138 1335 1204 1400; x_wconf 93' lang='lat' dir='ltr'>looo</span> 
     </span>
     <span class='ocr_line' id='line_1_11' title="bbox 137 1441 1204 1524; baseline -0.006 -13"><span class='ocrx_word' id='word_1_87' title='bbox 137 1447 245 1511; x_wconf 86' lang='lat' dir='ltr'>sanato</span> <span class='ocrx_word' id='word_1_88' title='bbox 267 1444 313 1509; x_wconf 92' lang='lat' dir='ltr'>uti</span> <span class='ocrx_word' id='word_1_89' title='bbox 344 1443 376 1508; x_wconf 90' lang='lat' dir='ltr'>et</span> <span class='ocrx_word' id='word_1_90' title='bbox 392 1442 471 1506; x_wconf 74' lang='lat' dir='ltr'>¹‚frui</span> <span class='ocrx_word' id='word_1_91' title='bbox 513 1441 653 1524; x_wconf 80' lang='lat' dir='ltr'>Imperiti</span> <span class='ocrx_word' id='word_1_92' title='bbox 680 1442 827 1517; x_wconf 83' lang='lat' dir='ltr'>homines,</span> <span class='ocrx_word' id='word_1_93' title='bbox 859 1442 911 1524; x_wconf 88' lang='lat' dir='ltr'>qui</span> <span class='ocrx_word' id='word_1_94' title='bbox 937 1460 1034 1524; x_wconf 91' lang='lat' dir='ltr'>neque</span> <span class='ocrx_word' id='word_1_95' title='bbox 1056 1441 1095 1505; x_wconf 94' lang='lat' dir='ltr'>ad</span> <span class='ocrx_word' id='word_1_96' title='bbox 1115 1459 1204 1524; x_wconf 90' lang='lat' dir='ltr'>repe·</span> 
     </span>
     <span class='ocr_line' id='line_1_12' title="bbox 136 1547 1204 1634; baseline -0.006 -17"><span class='ocrx_word' id='word_1_97' title='bbox 136 1552 243 1617; x_wconf 87' lang='lat' dir='ltr'>rienda</span> <span class='ocrx_word' id='word_1_98' title='bbox 270 1551 331 1634; x_wconf 91' lang='lat' dir='ltr'>ipsi</span> <span class='ocrx_word' id='word_1_99' title='bbox 357 1566 429 1613; x_wconf 86' lang='lat' dir='ltr'>vera</span> <span class='ocrx_word' id='word_1_100' title='bbox 460 1547 583 1631; x_wconf 85' lang='lat' dir='ltr'>ingenio</span> <span class='ocrx_word' id='word_1_101' title='bbox 614 1549 718 1613; x_wconf 90' lang='lat' dir='ltr'>valent</span> <span class='ocrx_word' id='word_1_102' title='bbox 739 1567 836 1631; x_wconf 88' lang='lat' dir='ltr'>neque</span> <span class='ocrx_word' id='word_1_103' title='bbox 864 1547 904 1613; x_wconf 90' lang='lat' dir='ltr'>ad</span> <span class='ocrx_word' id='word_1_104' title='bbox 931 1548 1056 1613; x_wconf 86' lang='lat' dir='ltr'>inventa</span> <span class='ocrx_word' id='word_1_105' title='bbox 1082 1548 1204 1612; x_wconf 88' lang='lat' dir='ltr'>intelle·</span> 
     </span>
     <span class='ocr_line' id='line_1_13' title="bbox 138 1653 1203 1744; baseline -0.007 -20"><span class='ocrx_word' id='word_1_106' title='bbox 138 1658 241 1744; x_wconf 82' lang='lat' dir='ltr'>gendo</span> <span class='ocrx_word' id='word_1_107' title='bbox 263 1656 377 1721; x_wconf 87' lang='lat' dir='ltr'>iudioio</span> <span class='ocrx_word' id='word_1_108' title='bbox 400 1657 432 1720; x_wconf 89' lang='lat' dir='ltr'>et</span> <span class='ocrx_word' id='word_1_109' title='bbox 453 1653 592 1732; x_wconf 78' lang='lat' dir='ltr'>seientia,</span> <span class='ocrx_word' id='word_1_110' title='bbox 613 1654 696 1720; x_wconf 79' lang='lat' dir='ltr'>inani</span> <span class='ocrx_word' id='word_1_111' title='bbox 717 1655 850 1738; x_wconf 83' lang='lat' dir='ltr'>quadam</span> <span class='ocrx_word' id='word_1_112' title='bbox 872 1654 1051 1719; x_wconf 85' lang='lat' dir='ltr'>velitatione</span> <span class='ocrx_word' id='word_1_113' title='bbox 1071 1654 1103 1717; x_wconf 94' lang='lat' dir='ltr'>in</span> <span class='ocrx_word' id='word_1_114' title='bbox 1117 1653 1203 1730; x_wconf 70' lang='lat' dir='ltr'>loeis,</span> 
     </span>
     <span class='ocr_line' id='line_1_14' title="bbox 136 1759 1204 1848; baseline -0.007 -18"><span class='ocrx_word' id='word_1_115' title='bbox 136 1783 215 1848; x_wconf 77' lang='lat' dir='ltr'>quos</span> <span class='ocrx_word' id='word_1_116' title='bbox 244 1763 342 1829; x_wconf 91' lang='lat' dir='ltr'>semel</span> <span class='ocrx_word' id='word_1_117' title='bbox 371 1765 524 1844; x_wconf 89' lang='lat' dir='ltr'>eorruptos</span> <span class='ocrx_word' id='word_1_118' title='bbox 554 1778 621 1826; x_wconf 89' lang='lat' dir='ltr'>esse</span> <span class='ocrx_word' id='word_1_119' title='bbox 650 1760 807 1826; x_wconf 85' lang='lat' dir='ltr'>decretum</span> <span class='ocrx_word' id='word_1_120' title='bbox 829 1761 886 1839; x_wconf 77' lang='lat' dir='ltr'>est,</span> <span class='ocrx_word' id='word_1_121' title='bbox 905 1759 1016 1824; x_wconf 86' lang='lat' dir='ltr'>ludunt</span> <span class='ocrx_word' id='word_1_122' title='bbox 1037 1778 1093 1824; x_wconf 87' lang='lat' dir='ltr'>neo</span> <span class='ocrx_word' id='word_1_123' title='bbox 1114 1759 1204 1823; x_wconf 91' lang='lat' dir='ltr'>huius</span> 
     </span>
     <span class='ocr_line' id='line_1_15' title="bbox 139 1864 1205 1950; baseline -0.007 -16"><span class='ocrx_word' id='word_1_124' title='bbox 139 1871 228 1936; x_wconf 70' lang='lat' dir='ltr'>,lusus</span> <span class='ocrx_word' id='word_1_125' title='bbox 260 1887 403 1950; x_wconf 88' lang='lat' dir='ltr'>eampum</span> <span class='ocrx_word' id='word_1_126' title='bbox 440 1866 499 1932; x_wconf 90' lang='lat' dir='ltr'>sibi</span> <span class='ocrx_word' id='word_1_127' title='bbox 528 1866 618 1932; x_wconf 90' lang='lat' dir='ltr'>oertis</span> <span class='ocrx_word' id='word_1_128' title='bbox 650 1866 912 1932; x_wconf 73' lang='lat' dir='ltr'>emendationibus</span> <span class='ocrx_word' id='word_1_129' title='bbox 939 1864 1016 1948; x_wconf 92' lang='lat' dir='ltr'>eripi</span> <span class='ocrx_word' id='word_1_130' title='bbox 1036 1865 1205 1947; x_wconf 80' lang='lat' dir='ltr'>patiuntur,</span> 
     </span>
     <span class='ocr_line' id='line_1_16' title="bbox 138 1962 1207 2069; baseline -0.007 -28"><span class='ocrx_word' id='word_1_131' title='bbox 138 1975 333 2057; x_wconf 78' lang='lat' dir='ltr'>maximeque</span> <span class='ocrx_word' id='word_1_132' title='bbox 361 1973 567 2052; x_wconf 77' lang='lat' dir='ltr'>reluctantur,</span> <span class='ocrx_word' id='word_1_133' title='bbox 596 1972 648 2038; x_wconf 89' lang='lat' dir='ltr'>ubi</span> <span class='ocrx_word' id='word_1_134' title='bbox 675 1962 804 2056; x_wconf 82' lang='lat' dir='ltr'>magnas</span> <span class='ocrx_word' id='word_1_135' title='bbox 825 1973 932 2037; x_wconf 88' lang='lat' dir='ltr'>turbas</span> <span class='ocrx_word' id='word_1_136' title='bbox 954 1975 985 2069; x_wconf 79' lang='lat' dir='ltr'>et</span> <span class='ocrx_word' id='word_1_137' title='bbox 1006 1989 1074 2053; x_wconf 88' lang='lat' dir='ltr'>quae</span> <span class='ocrx_word' id='word_1_138' title='bbox 1094 1971 1207 2035; x_wconf 89' lang='lat' dir='ltr'>multos</span> 
     </span>
     <span class='ocr_line' id='line_1_17' title="bbox 134 2077 1208 2160; baseline -0.008 -12"><span class='ocrx_word' id='word_1_139' title='bbox 134 2081 295 2158; x_wconf 73' lang='lat' dir='ltr'>resanat,</span> <span class='ocrx_word' id='word_1_140' title='bbox 317 2079 402 2144; x_wconf 85' lang='lat' dir='ltr'>faoili</span> <span class='ocrx_word' id='word_1_141' title='bbox 424 2078 560 2144; x_wconf 89' lang='lat' dir='ltr'>remedio</span> <span class='ocrx_word' id='word_1_142' title='bbox 582 2079 614 2142; x_wconf 89' lang='lat' dir='ltr'>et</span> <span class='ocrx_word' id='word_1_143' title='bbox 641 2078 704 2142; x_wconf 91' lang='lat' dir='ltr'>leui</span> <span class='ocrx_word' id='word_1_144' title='bbox 724 2097 846 2160; x_wconf 88' lang='lat' dir='ltr'>prorsus</span> <span class='ocrx_word' id='word_1_145' title='bbox 866 2077 969 2144; x_wconf 89' lang='lat' dir='ltr'>sedari</span> <span class='ocrx_word' id='word_1_146' title='bbox 998 2077 1208 2142; x_wconf 75' lang='lat' dir='ltr'>confitendum</span> 
     </span>
     <span class='ocr_line' id='line_1_18' title="bbox 134 2183 1207 2271; baseline -0.01 -17"><span class='ocrx_word' id='word_1_147' title='bbox 134 2192 188 2254; x_wconf 89' lang='lat' dir='ltr'>est</span> <span class='ocrx_word' id='word_1_148' title='bbox 210 2187 309 2271; x_wconf 85' lang='lat' dir='ltr'>(velut</span> <span class='ocrx_word' id='word_1_149' title='bbox 329 2187 360 2267; x_wconf 89' lang='lat' dir='ltr'>in</span> <span class='ocrx_word' id='word_1_150' title='bbox 371 2184 509 2250; x_wconf 89' lang='lat' dir='ltr'>Platonis</span> <span class='ocrx_word' id='word_1_151' title='bbox 521 2204 546 2248; x_wconf 92' lang='lat' dir='ltr'>r.</span> <span class='ocrx_word' id='word_1_152' title='bbox 558 2203 588 2265; x_wconf 91' lang='lat' dir='ltr'>p.</span> <span class='ocrx_word' id='word_1_153' title='bbox 600 2183 670 2264; x_wconf 89' lang='lat' dir='ltr'>Xp.</span> <span class='ocrx_word' id='word_1_154' title='bbox 684 2183 744 2247; x_wconf 87' lang='lat'>608</span> <span class='ocrx_word' id='word_1_155' title='bbox 756 2183 795 2260; x_wconf 84' lang='grc' dir='ltr'>Α,</span> <span class='ocrx_word' id='word_1_156' title='bbox 816 2184 849 2249; x_wconf 90' lang='lat' dir='ltr'>in</span> <span class='ocrx_word' id='word_1_157' title='bbox 870 2183 1113 2260; x_wconf 70' lang='lat' dir='ltr'>Horatiisat.II‚</span> <span class='ocrx_word' id='word_1_158' title='bbox 1126 2184 1155 2258; x_wconf 75' lang='grc'>2,</span> <span class='ocrx_word' id='word_1_159' title='bbox 1168 2183 1207 2244; x_wconf 77' lang='lat'>29</span> 
     </span>
     <span class='ocr_line' id='line_1_19' title="bbox 144 2287 1208 2373; baseline -0.004 -15"><span class='ocrx_word' id='word_1_160' title='bbox 144 2295 176 2358; x_wconf 92' lang='lat' dir='ltr'>et</span> <span class='ocrx_word' id='word_1_161' title='bbox 196 2291 279 2357; x_wconf 86' lang='lat' dir='ltr'>haud</span> <span class='ocrx_word' id='word_1_162' title='bbox 299 2289 404 2372; x_wconf 86' lang='lat' dir='ltr'>pausis</span> <span class='ocrx_word' id='word_1_163' title='bbox 426 2307 462 2353; x_wconf 83' lang='lat' dir='ltr'>ex</span> <span class='ocrx_word' id='word_1_164' title='bbox 483 2287 521 2352; x_wconf 90' lang='lat' dir='ltr'>iis</span> <span class='ocrx_word' id='word_1_165' title='bbox 542 2287 635 2366; x_wconf 78' lang='lat' dir='ltr'>loeis,</span> <span class='ocrx_word' id='word_1_166' title='bbox 663 2307 736 2371; x_wconf 90' lang='lat' dir='ltr'>quos</span> <span class='ocrx_word' id='word_1_167' title='bbox 765 2289 971 2371; x_wconf 88' lang='lat' dir='ltr'>superioribus</span> <span class='ocrx_word' id='word_1_168' title='bbox 998 2289 1120 2373; x_wconf 81' lang='lat' dir='ltr'>paginis</span> <span class='ocrx_word' id='word_1_169' title='bbox 1141 2289 1208 2371; x_wconf 85' lang='lat' dir='ltr'>ipse</span> 
     </span>
     <span class='ocr_line' id='line_1_20' title="bbox 144 2395 1210 2487; baseline 0.001 -27"><span class='ocrx_word' id='word_1_170' title='bbox 144 2397 326 2476; x_wconf 83' lang='lat' dir='ltr'>emendavi).</span> <span class='ocrx_word' id='word_1_171' title='bbox 368 2395 420 2460; x_wconf 66' lang='lat' dir='ltr'>Ea,</span> <span class='ocrx_word' id='word_1_172' title='bbox 434 2412 504 2460; x_wconf 87' lang='lat' dir='ltr'>vero</span> <span class='ocrx_word' id='word_1_173' title='bbox 527 2395 574 2457; x_wconf 86' lang='lat' dir='ltr'>est</span> <span class='ocrx_word' id='word_1_174' title='bbox 595 2395 704 2487; x_wconf 81' lang='lat' dir='ltr'>praeter</span> <span class='ocrx_word' id='word_1_175' title='bbox 723 2395 840 2460; x_wconf 83' lang='lat' dir='ltr'>ceteras</span> <span class='ocrx_word' id='word_1_176' title='bbox 860 2395 1006 2476; x_wconf 86' lang='lat' dir='ltr'>palmaris</span> <span class='ocrx_word' id='word_1_177' title='bbox 1027 2396 1210 2479; x_wconf 86' lang='lat' dir='ltr'>appellanda</span> 
     </span>
    </p>
   </div>
   <div class='ocr_carea' id='block_1_7' title="bbox 3 2498 1209 2695">
    <p class='ocr_par' dir='ltr' id='par_1_7' title="bbox 3 2498 1209 2695">
     <span class='ocr_line' id='line_1_21' title="bbox 3 2498 1209 2583; baseline 0.001 -18"><span class='ocrx_word' id='word_1_178' title='bbox 3 2520 7 2529; x_wconf 64' lang='lat'>¹</span> <span class='ocrx_word' id='word_1_179' title='bbox 136 2502 329 2577; x_wconf 76' lang='lat' dir='ltr'>emendatio,</span> <span class='ocrx_word' id='word_1_180' title='bbox 375 2519 441 2583; x_wconf 88' lang='lat' dir='ltr'>quae</span> <span class='ocrx_word' id='word_1_181' title='bbox 491 2516 552 2562; x_wconf 89' lang='lat' dir='ltr'>una</span> <span class='ocrx_word' id='word_1_182' title='bbox 607 2498 761 2562; x_wconf 86' lang='lat' dir='ltr'>duabusve</span> <span class='ocrx_word' id='word_1_183' title='bbox 815 2500 927 2567; x_wconf 89' lang='lat' dir='ltr'>litteris</span> <span class='ocrx_word' id='word_1_184' title='bbox 983 2502 1111 2568; x_wconf 87' lang='lat' dir='ltr'>mutatis</span> <span class='ocrx_word' id='word_1_185' title='bbox 1154 2505 1209 2567; x_wconf 84' lang='lat' dir='ltr'>aut</span> 
     </span>
     <span class='ocr_line' id='line_1_22' title="bbox 4 2604 1207 2695; baseline 0.001 -24"><span class='ocrx_word' id='word_1_186' title='bbox 4 2686 8 2695; x_wconf 29' lang='lat'><strong><em>¹</em></strong></span> <span class='ocrx_word' id='word_1_187' title='bbox 144 2607 336 2690; x_wconf 89' lang='lat' dir='ltr'>transpositis</span> <span class='ocrx_word' id='word_1_188' title='bbox 350 2626 462 2672; x_wconf 87' lang='lat' dir='ltr'>novum</span> <span class='ocrx_word' id='word_1_189' title='bbox 482 2604 640 2671; x_wconf 86' lang='lat' dir='ltr'>sententiae</span> <span class='ocrx_word' id='word_1_190' title='bbox 654 2605 769 2683; x_wconf 70' lang='lat' dir='ltr'>lumen,</span> <span class='ocrx_word' id='word_1_191' title='bbox 791 2625 899 2671; x_wconf 84' lang='lat' dir='ltr'>norem</span> <span class='ocrx_word' id='word_1_192' title='bbox 914 2607 1061 2673; x_wconf 85' lang='lat' dir='ltr'>orationis</span> <span class='ocrx_word' id='word_1_193' title='bbox 1075 2608 1207 2674; x_wconf 91' lang='lat' dir='ltr'>formam</span> 
     </span>
    </p>
   </div>
   <div class='ocr_carea' id='block_1_8' title="bbox 138 2706 1211 4063">
    <p class='ocr_par' dir='ltr' id='par_1_8' title="bbox 138 2706 1211 4063">
     <span class='ocr_line' id='line_1_23' title="bbox 143 2706 1206 2796; baseline -0.001 -20"><span class='ocrx_word' id='word_1_194' title='bbox 143 2715 257 2796; x_wconf 80' lang='lat' dir='ltr'>protero</span> <span class='ocrx_word' id='word_1_195' title='bbox 279 2716 310 2778; x_wconf 92' lang='lat' dir='ltr'>et</span> <span class='ocrx_word' id='word_1_196' title='bbox 335 2732 370 2777; x_wconf 85' lang='lat' dir='ltr'>ex</span> <span class='ocrx_word' id='word_1_197' title='bbox 392 2712 554 2778; x_wconf 89' lang='lat' dir='ltr'>dissolutis</span> <span class='ocrx_word' id='word_1_198' title='bbox 578 2706 610 2775; x_wconf 83' lang='lat' dir='ltr'>e&#39;t</span> <span class='ocrx_word' id='word_1_199' title='bbox 630 2712 816 2792; x_wconf 86' lang='lat' dir='ltr'>perturbatis</span> <span class='ocrx_word' id='word_1_200' title='bbox 847 2715 920 2796; x_wconf 86' lang='lat' dir='ltr'>apta</span> <span class='ocrx_word' id='word_1_201' title='bbox 942 2716 974 2779; x_wconf 92' lang='lat' dir='ltr'>et</span> <span class='ocrx_word' id='word_1_202' title='bbox 995 2715 1081 2779; x_wconf 85' lang='lat' dir='ltr'>reeta</span> <span class='ocrx_word' id='word_1_203' title='bbox 1102 2713 1206 2779; x_wconf 85' lang='lat' dir='ltr'>efficit.</span> 
     </span>
     <span class='ocr_line' id='line_1_24' title="bbox 144 2815 1208 2901; baseline 0.001 -17"><span class='ocrx_word' id='word_1_204' title='bbox 144 2818 231 2884; x_wconf 86' lang='lat' dir='ltr'>Artis</span> <span class='ocrx_word' id='word_1_205' title='bbox 253 2815 356 2883; x_wconf 85' lang='lat' dir='ltr'>autem</span> <span class='ocrx_word' id='word_1_206' title='bbox 378 2819 408 2882; x_wconf 91' lang='lat' dir='ltr'>in</span> <span class='ocrx_word' id='word_1_207' title='bbox 431 2819 489 2888; x_wconf 90' lang='lat' dir='ltr'>boo</span> <span class='ocrx_word' id='word_1_208' title='bbox 509 2835 621 2901; x_wconf 85' lang='lat' dir='ltr'>genere</span> <span class='ocrx_word' id='word_1_209' title='bbox 645 2818 777 2882; x_wconf 82' lang='lat' dir='ltr'>maxime</span> <span class='ocrx_word' id='word_1_210' title='bbox 799 2820 881 2884; x_wconf 87' lang='lat' dir='ltr'>esta</span> <span class='ocrx_word' id='word_1_211' title='bbox 902 2819 985 2884; x_wconf 89' lang='lat' dir='ltr'>sanis</span> <span class='ocrx_word' id='word_1_212' title='bbox 1007 2819 1160 2885; x_wconf 87' lang='lat' dir='ltr'>abstinere</span> <span class='ocrx_word' id='word_1_213' title='bbox 1176 2823 1208 2885; x_wconf 89' lang='lat' dir='ltr'>et</span> 
     </span>
     <span class='ocr_line' id='line_1_25' title="bbox 143 2923 1207 3013; baseline 0.001 -23"><span class='ocrx_word' id='word_1_214' title='bbox 143 2925 273 2991; x_wconf 87' lang='lat' dir='ltr'>aliorum</span> <span class='ocrx_word' id='word_1_215' title='bbox 295 2924 482 3013; x_wconf 82' lang='lat' dir='ltr'>proterviam</span> <span class='ocrx_word' id='word_1_216' title='bbox 504 2940 627 3001; x_wconf 84' lang='lat' dir='ltr'>arcere,</span> <span class='ocrx_word' id='word_1_217' title='bbox 649 2942 720 2988; x_wconf 91' lang='lat' dir='ltr'>vera</span> <span class='ocrx_word' id='word_1_218' title='bbox 741 2925 852 2990; x_wconf 87' lang='lat' dir='ltr'>menda</span> <span class='ocrx_word' id='word_1_219' title='bbox 873 2926 956 2991; x_wconf 82' lang='lat' dir='ltr'>serta</span> <span class='ocrx_word' id='word_1_220' title='bbox 977 2923 1096 2990; x_wconf 84' lang='lat' dir='ltr'>ratione</span> <span class='ocrx_word' id='word_1_221' title='bbox 1120 2945 1207 2991; x_wconf 88' lang='lat' dir='ltr'>ooar-</span> 
     </span>
     <span class='ocr_line' id='line_1_26' title="bbox 138 3028 1207 3121; baseline 0.001 -26"><span class='ocrx_word' id='word_1_222' title='bbox 138 3049 246 3116; x_wconf 13' lang='lat' dir='ltr'>*guere</span> <span class='ocrx_word' id='word_1_223' title='bbox 268 3030 346 3094; x_wconf 89' lang='lat' dir='ltr'>bona</span> <span class='ocrx_word' id='word_1_224' title='bbox 366 3028 481 3114; x_wconf 87' lang='lat' dir='ltr'>ingenii</span> <span class='ocrx_word' id='word_1_225' title='bbox 510 3029 635 3111; x_wconf 83' lang='lat' dir='ltr'>inventa</span> <span class='ocrx_word' id='word_1_226' title='bbox 656 3031 784 3112; x_wconf 86' lang='lat' dir='ltr'>probare</span> <span class='ocrx_word' id='word_1_227' title='bbox 815 3032 848 3096; x_wconf 89' lang='lat' dir='ltr'>et</span> <span class='ocrx_word' id='word_1_228' title='bbox 874 3050 929 3096; x_wconf 89' lang='lat' dir='ltr'>sua</span> <span class='ocrx_word' id='word_1_229' title='bbox 951 3031 1023 3096; x_wconf 91' lang='lat' dir='ltr'>sede</span> <span class='ocrx_word' id='word_1_230' title='bbox 1047 3031 1207 3121; x_wconf 58' lang='lat' dir='ltr'>oollooare3</span> 
     </span>
     <span class='ocr_line' id='line_1_27' title="bbox 144 3135 1208 3220; baseline 0.002 -20"><span class='ocrx_word' id='word_1_231' title='bbox 144 3136 221 3200; x_wconf 76' lang='lat' dir='ltr'>itam</span> <span class='ocrx_word' id='word_1_232' title='bbox 264 3136 378 3200; x_wconf 86' lang='lat' dir='ltr'>artem.</span> <span class='ocrx_word' id='word_1_233' title='bbox 408 3135 466 3199; x_wconf 86' lang='lat' dir='ltr'>etsi</span> <span class='ocrx_word' id='word_1_234' title='bbox 501 3153 561 3198; x_wconf 92' lang='lat' dir='ltr'>non</span> <span class='ocrx_word' id='word_1_235' title='bbox 594 3138 756 3218; x_wconf 88' lang='lat' dir='ltr'>praeoeptis</span> <span class='ocrx_word' id='word_1_236' title='bbox 792 3138 1040 3220; x_wconf 83' lang='lat' dir='ltr'>comprehensam</span> <span class='ocrx_word' id='word_1_237' title='bbox 1082 3137 1208 3220; x_wconf 90' lang='lat' dir='ltr'>quidam</span> 
     </span>
     <span class='ocr_line' id='line_1_28' title="bbox 142 3241 1208 3326; baseline 0.001 -20"><span class='ocrx_word' id='word_1_238' title='bbox 142 3244 278 3308; x_wconf 86' lang='lat' dir='ltr'>naturali</span> <span class='ocrx_word' id='word_1_239' title='bbox 300 3242 431 3326; x_wconf 89' lang='lat' dir='ltr'>quadam</span> <span class='ocrx_word' id='word_1_240' title='bbox 453 3241 615 3323; x_wconf 87' lang='lat' dir='ltr'>prudentia</span> <span class='ocrx_word' id='word_1_241' title='bbox 635 3243 806 3321; x_wconf 82' lang='lat' dir='ltr'>tennerunt,</span> <span class='ocrx_word' id='word_1_242' title='bbox 834 3243 920 3308; x_wconf 87' lang='lat' dir='ltr'>velut</span> <span class='ocrx_word' id='word_1_243' title='bbox 941 3243 1110 3309; x_wconf 85' lang='lat' dir='ltr'>Riobardus</span> <span class='ocrx_word' id='word_1_244' title='bbox 1131 3243 1208 3307; x_wconf 90' lang='lat' dir='ltr'>Por·</span> 
     </span>
     <span class='ocr_line' id='line_1_29' title="bbox 146 3347 1209 3433; baseline -0.002 -19"><span class='ocrx_word' id='word_1_245' title='bbox 146 3368 248 3428; x_wconf 79' lang='lat' dir='ltr'>sonus,</span> <span class='ocrx_word' id='word_1_246' title='bbox 270 3350 329 3415; x_wconf 84' lang='lat' dir='ltr'>etsi</span> <span class='ocrx_word' id='word_1_247' title='bbox 350 3347 382 3411; x_wconf 94' lang='lat' dir='ltr'>in</span> <span class='ocrx_word' id='word_1_248' title='bbox 403 3366 463 3412; x_wconf 94' lang='lat' dir='ltr'>uno</span> <span class='ocrx_word' id='word_1_249' title='bbox 484 3347 547 3411; x_wconf 88' lang='lat' dir='ltr'>fere</span> <span class='ocrx_word' id='word_1_250' title='bbox 569 3347 744 3414; x_wconf 78' lang='lat' dir='ltr'>Graecorum</span> <span class='ocrx_word' id='word_1_251' title='bbox 773 3348 957 3431; x_wconf 85' lang='lat' dir='ltr'>seriptorum</span> <span class='ocrx_word' id='word_1_252' title='bbox 985 3367 1097 3433; x_wconf 85' lang='lat' dir='ltr'>genere</span> <span class='ocrx_word' id='word_1_253' title='bbox 1120 3349 1209 3431; x_wconf 84' lang='lat' dir='ltr'>inge·</span> 
     </span>
     <span class='ocr_line' id='line_1_30' title="bbox 142 3439 1208 3538; baseline -0.004 -17"><span class='ocrx_word' id='word_1_254' title='bbox 142 3456 231 3521; x_wconf 86' lang='lat' dir='ltr'>nium</span> <span class='ocrx_word' id='word_1_255' title='bbox 253 3454 396 3531; x_wconf 77' lang='lat' dir='ltr'>exercuit,</span> <span class='ocrx_word' id='word_1_256' title='bbox 412 3453 486 3531; x_wconf 83' lang='lat' dir='ltr'>alii,</span> <span class='ocrx_word' id='word_1_257' title='bbox 511 3453 563 3536; x_wconf 92' lang='lat' dir='ltr'>qui</span> <span class='ocrx_word' id='word_1_258' title='bbox 583 3439 689 3538; x_wconf 80' lang='lat' dir='ltr'>magni</span> <span class='ocrx_word' id='word_1_259' title='bbox 712 3453 809 3519; x_wconf 89' lang='lat' dir='ltr'>oritioi</span> <span class='ocrx_word' id='word_1_260' title='bbox 829 3454 934 3518; x_wconf 89' lang='lat' dir='ltr'>haberi</span> <span class='ocrx_word' id='word_1_261' title='bbox 956 3454 1065 3531; x_wconf 85' lang='lat' dir='ltr'>solent,</span> <span class='ocrx_word' id='word_1_262' title='bbox 1086 3456 1142 3519; x_wconf 91' lang='lat' dir='ltr'>aut</span> <span class='ocrx_word' id='word_1_263' title='bbox 1172 3472 1208 3518; x_wconf 86' lang='lat' dir='ltr'>ex</span> 
     </span>
     <span class='ocr_line' id='line_1_31' title="bbox 141 3559 1208 3643; baseline -0.001 -18"><span class='ocrx_word' id='word_1_264' title='bbox 141 3560 248 3643; x_wconf 55' lang='lat' dir='ltr'>&gt;aliqua</span> <span class='ocrx_word' id='word_1_265' title='bbox 268 3561 355 3643; x_wconf 83' lang='lat' dir='ltr'>parte</span> <span class='ocrx_word' id='word_1_266' title='bbox 376 3579 458 3642; x_wconf 87' lang='lat' dir='ltr'>saepe</span> <span class='ocrx_word' id='word_1_267' title='bbox 488 3579 558 3633; x_wconf 54' lang='lat' dir='ltr'>eam,</span> <span class='ocrx_word' id='word_1_268' title='bbox 582 3559 748 3637; x_wconf 77' lang='lat' dir='ltr'>violarunt,</span> <span class='ocrx_word' id='word_1_269' title='bbox 775 3562 811 3624; x_wconf 88' lang='lat' dir='ltr'>ut</span> <span class='ocrx_word' id='word_1_270' title='bbox 838 3560 998 3625; x_wconf 87' lang='lat' dir='ltr'>Bentleius</span> <span class='ocrx_word' id='word_1_271' title='bbox 1026 3559 1059 3625; x_wconf 94' lang='lat' dir='ltr'>in</span> <span class='ocrx_word' id='word_1_272' title='bbox 1087 3560 1208 3625; x_wconf 92' lang='lat' dir='ltr'>mendis</span> 
     </span>
     <span class='ocr_line' id='line_1_32' title="bbox 141 3651 1209 3749; baseline 0.001 -19"><span class='ocrx_word' id='word_1_273' title='bbox 141 3651 587 3749; x_wconf 84' lang='lat' dir='ltr'>arguendisetinsuspioione</span> <span class='ocrx_word' id='word_1_274' title='bbox 610 3665 802 3743; x_wconf 70' lang='lat' dir='ltr'>continenda,</span> <span class='ocrx_word' id='word_1_275' title='bbox 824 3668 878 3730; x_wconf 86' lang='lat' dir='ltr'>aut</span> <span class='ocrx_word' id='word_1_276' title='bbox 897 3685 1019 3748; x_wconf 86' lang='lat' dir='ltr'>prorsus</span> <span class='ocrx_word' id='word_1_277' title='bbox 1042 3685 1078 3731; x_wconf 86' lang='lat' dir='ltr'>ea</span> <span class='ocrx_word' id='word_1_278' title='bbox 1099 3685 1209 3732; x_wconf 86' lang='lat' dir='ltr'>carue-</span> 
     </span>
     <span class='ocr_line' id='line_1_33' title="bbox 145 3767 1209 3854; baseline 0.003 -20"><span class='ocrx_word' id='word_1_279' title='bbox 145 3773 230 3847; x_wconf 78' lang='lat' dir='ltr'>runt,</span> <span class='ocrx_word' id='word_1_280' title='bbox 269 3773 305 3835; x_wconf 92' lang='lat' dir='ltr'>ut</span> <span class='ocrx_word' id='word_1_281' title='bbox 336 3771 375 3836; x_wconf 73' lang='lat' dir='ltr'>d.</span> <span class='ocrx_word' id='word_1_282' title='bbox 408 3767 620 3849; x_wconf 74' lang='lat' dir='ltr'>Hermannus‚</span> <span class='ocrx_word' id='word_1_283' title='bbox 662 3772 715 3854; x_wconf 91' lang='lat' dir='ltr'>qui</span> <span class='ocrx_word' id='word_1_284' title='bbox 754 3790 813 3836; x_wconf 92' lang='lat' dir='ltr'>non</span> <span class='ocrx_word' id='word_1_285' title='bbox 846 3772 1014 3836; x_wconf 86' lang='lat' dir='ltr'>maximum</span> <span class='ocrx_word' id='word_1_286' title='bbox 1045 3791 1209 3837; x_wconf 88' lang='lat' dir='ltr'>numerum</span> 
     </span>
     <span class='ocr_line' id='line_1_34' title="bbox 144 3876 1211 3947; baseline 0.002 -7"><span class='ocrx_word' id='word_1_287' title='bbox 144 3877 296 3947; x_wconf 87' lang='lat' dir='ltr'>bonerum</span> <span class='ocrx_word' id='word_1_288' title='bbox 337 3879 584 3944; x_wconf 88' lang='lat' dir='ltr'>emendationum</span> <span class='ocrx_word' id='word_1_289' title='bbox 621 3878 722 3943; x_wconf 87' lang='lat' dir='ltr'>obruit</span> <span class='ocrx_word' id='word_1_290' title='bbox 758 3876 974 3943; x_wconf 88' lang='lat' dir='ltr'>innumerabili</span> <span class='ocrx_word' id='word_1_291' title='bbox 1006 3877 1143 3942; x_wconf 87' lang='lat' dir='ltr'>inanium</span> <span class='ocrx_word' id='word_1_292' title='bbox 1178 3880 1211 3942; x_wconf 91' lang='lat' dir='ltr'>et</span> 
     </span>
     <span class='ocr_line' id='line_1_35' title="bbox 144 3980 1209 4063; baseline 0.004 -17"><span class='ocrx_word' id='word_1_293' title='bbox 144 3980 260 4047; x_wconf 85' lang='lat' dir='ltr'>devium</span> <span class='ocrx_word' id='word_1_294' title='bbox 282 3982 459 4063; x_wconf 89' lang='lat' dir='ltr'>opinionum</span> <span class='ocrx_word' id='word_1_295' title='bbox 482 3984 662 4050; x_wconf 87' lang='lat' dir='ltr'>festinanter</span> <span class='ocrx_word' id='word_1_296' title='bbox 690 3982 841 4048; x_wconf 85' lang='lat' dir='ltr'>iaotarum</span> <span class='ocrx_word' id='word_1_297' title='bbox 862 3982 1073 4061; x_wconf 74' lang='lat' dir='ltr'>multitudine,</span> <span class='ocrx_word' id='word_1_298' title='bbox 1103 4003 1209 4050; x_wconf 87' lang='lat' dir='ltr'>rursus</span> 
     </span>
    </p>
   </div>
   <div class='ocr_carea' id='block_1_9' title="bbox 0 0 1294 4530">
    <p class='ocr_par' dir='ltr' id='par_1_9' title="bbox 0 0 1294 4530">
     <span class='ocr_line' id='line_1_36' title="bbox 0 0 1294 4530; baseline 0 0"><span class='ocrx_word' id='word_1_299' title='bbox 0 0 1294 4530; x_wconf 95' lang='lat' dir='ltr'> </span> 
     </span>
    </p>
   </div>
  </div>
 </body>
</html>
