2580 4530
574 254 636 313 tib.
652 255 706 313 HI.
1069 256 1130 320 adr

108 462 169 547 τῆς
188 458 385 546 δυσχερείας
407 481 435 522 ιι.
457 482 491 522 τ.
513 457 543 522 λ.
587 453 657 519 Non
678 455 779 523 solum
800 483 837 524 τε
855 458 904 538 (in
925 475 984 540 quo
999 455 1063 522 solo
1079 455 1174 525 Stall-

109 566 251 633 mumius
273 565 378 646 haesit)
402 580 577 648 perversum
600 561 649 626 est
667 561 700 624 in
719 562 776 628 hec
791 562 952 645 scripture,
965 560 1174 644 quodnullum

108 672 192 738 uliud
224 673 401 738 membrum
429 689 499 734 cum
527 669 583 732 hoo
610 667 810 752 coniungitur,
840 669 895 734 sed
915 661 987 750 'ipse
1012 669 1077 733 tote
1104 687 1173 734 sen-

107 779 223 856 tentie3
247 796 321 841 nem
341 778 498 858 propter
518 759 789 839 illum‘molcstiae'
806 793 930 840 sensum
952 772 1173 860 (despiceres)

107 902 205 968 neque
228 881 347 947 dictum
368 881 531 966 quicquam
559 881 608 944 est
628 899 726 963 neque
747 882 908 964 quicquum
937 879 970 944 in
991 881 1174 948 memoriam

109 991 280 1066 revocetur,
303 987 358 1053 sed
380 986 444 1051 eius
466 985 562 1068 ipsius
583 1005 665 1051 nunc
688 986 866 1051 meminisse
887 986 997 1069 hospes
1023 987 1175 1065 innotui

109 1092 355 1161 admonitionem
378 1092 534 1175 adiunget.
578 1091 762 1157 Tollendum
794 1094 841 1158 est
861 1092 956 1176 igitur
976 1101 1089 1171 ἕνεκα,
1119 1093 1175 1158 ed·

108 1201 210 1266 utum
232 1205 284 1282 (er
306 1199 463 1281 superiore
483 1191 582 1282 χάριν
603 1202 727 1280 sumpto
748 1197 857 1277 initio),
879 1216 949 1264 oum
964 1197 1175 1263 nonenimed·
1253 1215 1256 1220 ’

109 1307 291 1380 verteretur,
313 1304 394 1367 unde
415 1303 574 1388 genetivus
586 1303 744 1385 penderet,
767 1303 1031 1388 seribendumque,
1053 1305 1175 1371 subura

107 1413 203 1503 etism
235 1408 432 1474 incommode
458 1409 593 1474 Socratis
620 1409 739 1474 iuvenis
766 1429 903 1492 personne
933 1410 1174 1494 interpositione,

106 1518 166 1584 sit:
190 1505 268 1584 Ὦν
293 1515 412 1580 τοίνυν
432 1509 529 1600 χοίριν
551 1507 686 1580 ἅπανθ’
709 1506 793 1598 ἡμῖν
815 1513 910 1582 ταῦτ’
929 1511 1072 1602 ἐρρήθη,
1095 1518 1174 1600 περὶ

110 1618 240 1691 τούτων
261 1623 478 1708 μνησθῶμεν
499 1625 602 1687 τινών
623 1613 750 1705 ταύτης
779 1614 808 1699 τ’
835 1616 895 1708 συ’χ
922 1620 1044 1707 ἥκιστα
1064 1617 1175 1710 αὐτῆς

108 1732 169 1816 τῆς
203 1728 407 1815 δυσχερείας,
443 1724 553 1812 ἥνπερ
582 1727 641 1807 (sic
675 1728 781 1792 Herm.
816 1747 870 1811 pro
902 1723 947 1812 ἢν
978 1731 1073 1815 περὶ,
1106 1732 1175 1817 fori.

110 1827 210 1924 ᾗπερ)
232 1831 540 1921 τήνμαιιρολσγίαν
562 1830 627 1918 τήν
649 1836 726 1918 περὶ
749 1830 812 1918 τήν
834 1829 1027 1922 decretorio
1046 1831 1175 1904 o'nsds-

110 1939 249 2029 ξάμεθα
279 1942 443 2028 δυσχερῶς
472 1943 526 2006 καί
558 1939 623 2026 τήν
652 1939 731 2023 περὶ
759 1942 821 2007 τοῦ
849 1938 979 2017 παντός
1010 1942 1175 2021 α’νείλιξιν

111 2054 164 2117 καί
187 2046 254 2134 τήν
275 2050 339 2116 του
361 2048 524 2133 σοφιστοῦ
556 2048 634 2128 περὶ
664 2047 725 2129 τῆς
752 2050 814 2113 τοι)
840 2044 891 2134 μή
920 2045 1020 2124 ὄντος
1047 2045 1176 2127 οὐσίας,

111 2159 360 2228 ἐννοοῦντεςιι.
384 2180 414 2218 τ.
436 2157 466 2219 λ.
512 2153 564 2218 Sic
586 2153 669 2217 enim
701 2152 817 2220 codices
844 2174 974 2240 sequens
1008 2152 1072 2242 τήν
1096 2162 1176 2243 περὶ

111 2266 172 2330 τοὺ
192 2257 325 2333 παντὸς
345 2255 508 2336 ιῖνείλιξιν
533 2260 645 2337 scribo,
671 2261 707 2323 ut
738 2261 936 2345 intellegatur
960 2262 1053 2348 longe
1080 2266 1176 2348 expli·

109 2371 202 2436 cutio.
247 2367 405 2432 Bekkerus
428 2385 444 2431 o
466 2367 585 2431 duobus
608 2365 780 2449 perexiguae
802 2369 994 2435 auctoritatis
1021 2371 1177 2437 codicibus

110 2477 235 2560 scripsit
257 2470 321 2558 τήν
343 2475 421 2556 περὶ
443 2468 507 2555 τήν
529 2474 591 2538 του
615 2466 942 2550 παντός-οἶνοίλιξιν,
968 2477 1003 2541 ut
1023 2477 1063 2541 ad
1091 2480 1176 2561 prius

112 2579 175 2668 τήν
197 2581 341 2646 audiatur
361 2580 607 2665 μακρολογίαν,
629 2570 788 2653 οίνείλιξις
814 2583 918 2646 eutem
947 2582 1055 2647 mundi
1084 2603 1178 2667 gene·

111 2690 190 2754 retio
214 2690 255 2762 et,
277 2689 312 2750 ut
332 2705 412 2749 nunc
432 2685 597 2768 loquimur,
621 2684 752 2749 evolutio
773 2686 980 2770 intellegetur,
1013 2688 1091 2770 quod
1122 2707 1178 2753 nec

110 2796 215 2881 ipsum
236 2792 319 2855 recte
340 2791 377 2856 fit
398 2794 430 2857 et
450 2791 729 2856 incommodissime
751 2791 783 2854 in
804 2793 1045 2859 tertiomembro
1057 2795 1096 2861 ed
1112 2793 1177 2879 τήν

112 2901 173 2965 του
217 2899 380 2981 σοφιστοῦ
422 2898 544 2962 auditur
582 2898 831 2981 μακρολογίαν,
876 2898 957 2980 quod
1003 2903 1070 2966 tum
1112 2903 1178 2968 fieri

112 3023 239 3070 necesse
262 3006 319 3068 est.

214 3109 282 3174 Ibd.
294 3129 325 3191 p.
337 3110 398 3172 286
420 3110 445 3172 ll
467 3129 520 3192 pro
541 3101 814 3196 α’ποδεχόμενον,
837 3109 926 3190 quod,
947 3112 1177 3193 quoreierutur,

113 3237 174 3283 non
196 3217 301 3292 hebet,
323 3213 518 3279 scribendum
546 3216 667 3280 videtur
693 3206 962 3299 οἷποδεχόμενος,
996 3218 1077 3300 quod
1098 3218 1180 3282 redit

112 3325 152 3389 ad
174 3324 401 3408 παραγγελλει
424 3321 486 3398 (D).
1015 3344 1017 3349 ’

214 3430 282 3494 lbd.
304 3449 336 3511 p.
348 3428 408 3491 289
431 3426 474 3489 B:
497 3428 759 3511 παραλείπομεν
782 3428 816 3493 δὲ
839 3430 922 3492 εἴτι
943 3425 993 3513 μή
1016 3435 1103 3514 μέγα
1125 3432 1180 3494 λε’-

114 3540 225 3618 ληθεν
255 3539 303 3607 εἴς
337 3560 369 3598 τι
402 3529 534 3598 τούτων
569 3530 716 3600 δυνατόν
749 3526 944 3618 ἁρμόττειν.
1000 3535 1082 3598 Mira
1114 3534 1180 3600 haec

114 3645 212 3707 oratio
236 3645 292 3719 est
319 3640 554 3722 praetermittere
584 3660 627 3718 se,
660 3641 720 3706 nisi
747 3640 820 3723 quid
848 3659 995 3724 magnum
1026 3639 1179 3705 fefellerit.

86 3733 89 3741 ’
112 3748 222 3831 Neque
245 3748 327 3812 enim
348 3746 468 3818 dicitur,
492 3745 566 3827 quid
582 3747 832 3828 pretermittant.
865 3746 1016 3811 Praeoedit
1026 3749 1180 3830 θρέμμα.

115 3851 319 3916 Scribendum
346 3851 446 3916 vocali
467 3851 637 3934 geminata:
673 3846 696 3916 d
722 3855 983 3937 παραλείπομεν
1011 3850 1062 3926 δὲ,
1089 3854 1123 3916 εἴ
1149 3877 1179 3915 τι

113 3954 164 4042 με)
187 3965 274 4045 μέγα
299 3961 457 4042 λέληθεν,
480 3960 528 4029 εἴς
550 3982 581 4021 τι
602 3948 731 4023 τουτων
754 3953 901 4043 δυνατόν
923 3952 1117 4043 ἆρμόττειν.

215 4065 281 4130 lbd.
293 4085 322 4148 p.
333 4065 393 4127 289
415 4065 456 4128 ld:
485 4066 528 4131 Τί
550 4065 608 4144 δίς
631 4064 699 4131 τῶν
720 4067 908 4151 ἐλευθέρων
929 4061 1004 4130 ὅσοι
1027 4078 1098 4138 τοῖς
1119 4063 1183 4129 νῦν

935 4171 982 4225 σε·
