2580 4530
157 272 199 365 60
596 271 657 327 Lib.
675 272 699 327 1.

114 460 182 552 quae
214 469 309 551 posui,
345 468 409 534 iam
443 469 649 553 significatum
683 472 746 547 est,
785 470 820 533 ut
855 468 904 533 hic
938 469 996 532 duo
1025 469 1178 537 ›facfflima

115 567 253 656 exempla
285 573 396 639 addere
429 574 504 639 satis
527 577 590 653 rsit,
626 576 758 660 alterum
785 575 928 640 Graecum
954 575 1112 639 Plutarchi
1141 595 1178 640 ex

13 761 16 767 1
112 670 218 743 libello
240 679 270 743 N
272 698 310 743 on
324 699 413 761 posse
425 698 510 745 suar.
520 681 549 758 3,
564 680 639 764 4(p.
654 680 732 744 1087
743 679 792 764 Ε),
814 682 846 745 in
856 683 992 765 quoloco
1006 681 1069 746 iam
1084 701 1177 762 supra

112 783 206 848 verba
226 785 349 866 propter
369 785 500 851 eandem
526 805 632 851 vocem
657 786 705 852 bis
734 787 879 869 positam·
899 787 1014 852 omissa
1039 787 1176 862 ostendi;

113 907 187 953 nam
208 891 375 978 sequuntur
401 892 481 957 huet:
509 889 560 965 οἷς
589 899 673 973 (τοῖς
702 889 847 978 ἄρθροις
874 893 928 957 καὶ
957 887 1089 975 νεύροις
1108 884 1176 958 ’καὶ

114 986 193 1063 adol
216 997 280 1060 coel
308 999 433 1082 χερσὶν)
462 999 659 1087 ἐνσικίζρται
692 993 795 1084 πάθη
825 993 918 1065 dervo*
947 999 1002 1064 καὶ
1031 1001 1175 1084 σχέτλια,

114 1096 305 1189 ποδαγριαδ
328 1087 482 1195 ῥεύματα
507 1107 561 1171 καὶ
579 1097 807 1192 ’φαγέδαινιιιδ
831 1107 896 1176 καὶ,
910 1099 1107 1188 διαβρώσεις
1120 1106 1174 1170 καὶ

113 1201 318 1292 α’τιοσήψεις.
378 1209 570 1293 Longissima
599 1231 618 1276 a
647 1207 950 1297 ρεύμασιναίιθεεθ
978 1230 1175 1295 gangraenam

110 1315 348 1402 (φαγέδαιναν)
372 1334 478 1380 omnes
500 1320 620 1396 norunt,
648 1318 931 1396 coniunctissimam
954 1315 1082 1382 candem
1105 1336 1176 1382 cum

114 1419 292 1507 διαβρώσσι
316 1423 348 1486 et
368 1407 555 1506 οἷσισσήυιεα
583 1422 711 1508 Scripsit
731 1424 828 1509 igitur
838 1422 1043 1492 Plutarchus:
1069 1423 1177 1488 ποδα-

110 1525 209 1615 γριιιοὶ
255 1521 410 1613 ῥεύματα
449 1531 503 1595 καὶ
547 1531 842 1616 φαγεδαινιααὶ
886 1521 1085 1612 διαβρώσεις
1121 1531 1175 1595 καὶ

112 1628 313 1719 διαστήσεις.
339 1635 397 1711 *Id
412 1633 536 1718 —duplici
557 1655 655 1701 errore
678 1635 854 1718 corruptum
876 1636 932 1712 est,
961 1637 1177 1701 accommoda-

109 1743 193 1807 tione
217 1736 420 1829 (troduypeuoi
444 1736 597 1826 ῥεύματα
621 1745 675 1808 καὶ
708 1736 944 1828 φαγεδαινιαοῖ)
960 1745 1008 1808 et
1035 1742 1176 1826 gemina-

113 1848 197 1913 tione
234 1844 470 1935 (poyadorercci
508 1850 586 1933 nol).
654 1850 799 1914 Latinum
831 1850 963 1913 alterum
1001 1847 1176 1931 exemplum

111 1958 249 2021 sumetur
271 1975 287 2019 c
310 1951 403 2021 Gellii
423 1957 500 2022 libro
522 1956 611 2035 ΧΠΙ,
633 1955 661 2031 8,
685 1956 715 2033 2,
737 1956 880 2031 uticum,
903 1954 955 2036 qui
971 1955 1092 2036 sapiens
1108 1961 1176 2018 esse

109 2079 213 2131 rerum
245 2063 448 2127 humanamm
480 2062 571 2138 velit,
607 2063 744 2144 oportere
779 2061 868 2125 docet
899 2076 1031 2140 sapere
1062 2060 1176 2141 atque

108 2168 308 2243 consulere
330 2187 372 2233 ex
392 2168 468 2245 his,
496 2187 573 2250 quae
596 2167 768 2249 pericula
789 2167 873 2248 ipsa
893 2183 1016 2229 rorum
1045 2163 1176 2228 docue-

110 2274 198 2350 rint,
221 2292 293 2336 uon
316 2286 393 2354 quae
412 2273 505 2337 libri
526 2272 675 2336 tautum
697 2273 761 2336 aut
782 2271 966 2356 magistri
981 2289 1045 2352 per
1065 2288 1174 2351 quas-

108 2377 192 2441 dam
225 2377 439 2441 inanitates
469 2377 668 2441 verborum
698 2379 734 2441 et
757 2377 966 2460 imaginum
991 2361 1175 2458 tanq'uam

106 2481 147 2544 in
175 2482 285 2546 mimo
316 2483 379 2544 aut
411 2481 448 2544 in
481 2482 625 2546 somnio
661 2481 952 2546 delectaverint.
1009 2481 1050 2544 Et
1073 2482 1174 2546 totum

110 2586 330 2651 delectandi
356 2587 483 2651 verbum
511 2587 583 2651 hinc
605 2587 739 2651 alienum
761 2607 828 2653 esse
850 2591 1033 2671 etproreus
1046 2588 1174 2652 barbare

108 2711 180 2757 oum
193 2693 364 2757 accusativo
376 2690 421 2756 rei
432 2692 493 2756 dici
515 2692 727 2776 (consulere
750 2710 791 2756 ex
811 2692 880 2770 his,
897 2712 975 2775 quae
996 2691 1175 2777 magistri

110 2798 424 2883 delectaverint),
467 2801 532 2863 tam
569 2798 768 2864 manifestum
796 2800 866 2885 lest,
905 2799 941 2861 ut
972 2798 1176 2863 demonstrari

110 2904 247 2986 pluribus
268 2905 346 2968 nihil
367 2905 507 2971 attineat.
565 2905 682 2970 Gellius
710 2905 837 2969 verbum
867 2902 906 2967 ad
932 2923 1027 2968 ranas
1057 2904 1175 2987 species

110 3010 306 3093 aptissimum
332 3013 476 3091 posuerat
504 3011 803 3086 obiectaverint;
837 3011 901 3076 eius
931 3011 1031 3092 prima
1059 3010 1175 3086 littera,

108 3116 193 3199 quod
216 3115 325 3180 eadem
346 3117 547 3197 praecedebat,
568 3118 679 3183 hausta
701 3119 748 3181 est
770 3115 868 3180 semel
885 3115 1058 3190 scribendo;
1072 3115 1176 3181 'sirnul

110 3221 235 3305 isupra
255 3240 378 3286 versum
404 3223 554 3304 producto
582 3224 689 3287 natum
717 3221 765 3285 est
796 3220 1072 3296 blectaverint3
1103 3223 1175 3286 hinc

110 3328 228 3393 factum
258 3327 435 3411 corrigendo
466 3329 548 3392 illud
581 3327 873 3392 delectaverint.
926 3328 1087 3392 Interdum
1116 3329 1175 3394 duo

110 3434 234 3516 plurave
255 3434 367 3498 menda
386 3451 446 3496 non
467 3434 498 3497 iu
519 3433 602 3498 idem
623 3433 814 3510 vocabulum,
837 3432 936 3497 sedin
951 3434 1085 3515 proxime
1102 3454 1175 3500 con-

110 3539 215 3631 iuncta
234 3539 419 3606 incurrentia
439 3538 562 3622 gravim
583 3540 753 3604 orationem
775 3540 807 3603 et
827 3539 1013 3604 sententiam
1038 3542 1174 3605 turbant.

108 3644 203 3710 Velut
218 3645 250 3709 in
262 3626 421 3711 Plutarchi
431 3645 553 3729 quaestt.
564 3645 679 3709 conviv.
691 3645 733 3722 Π,
746 3645 774 3722 7,
791 3645 852 3722 hl
873 3651 913 3727 (p.
927 3644 1036 3725 telo)
1057 3646 1123 3710 haec
1143 3646 1175 3710 in

108 3742 267 3815 podicibus
295 3753 484 3818 scribuntur:
518 3751 713 3833 Σκοποῖμεν
747 3751 793 3825 δὲ,
831 3750 942 3828 εἶπον,
975 3745 1027 3814 ὅτι
1062 3746 1173 3816 πολλοὶ

114 3849 352 3940 συμπτώματα
388 3866 505 3943 ἔχοντα
528 3882 590 3922 »σιν
627 3858 745 3921 αἰτιῶν
775 3851 945 3941 λαμβάνει
977 3851 1078 3933 δόξαν
1112 3852 1174 3923 οὐκ

109 3954 235 4044 ὀρθῶς.
295 3963 376 4028 Satis
407 3965 543 4047 apparet,
576 3963 634 4027 hoo
647 3978 656 4006 ··
665 3963 742 4040 dici,
778 3983 940 4028 causarum
973 3965 1107 4047 speciem
1144 3968 1175 4030 et

3 4147 5 4151 Ι
108 4067 293 4153 dignitatem
315 4071 451 4153 accipere
474 4090 524 4148 oa,
557 4088 623 4152 quae
652 4087 760 4150 reapse
786 4069 881 4133 elium
910 4068 1013 4133 locum
1039 4072 1173 4134 teneant.
