2580 4530
228 230 289 294 ‘108
651 232 710 291 mo.
729 234 764 290 V.

183 458 221 499 co
253 427 317 517 ἤδη
351 425 481 514 τυφλόν
515 435 570 500 καὶ
605 486 613 502 .
647 480 654 496 .
693 481 701 498 .
739 430 990 520 ἐφαπτόμενον.
1047 434 1172 526 Ἀρίαν
1209 441 1237 507 n

184 564 214 604 κ.
236 565 264 604 ν.
288 540 316 603 λ.
374 538 497 604 Excidit
522 540 652 606 verbnm
680 540 741 626 ἐρῶ
774 544 829 608 cut
855 545 932 619 λέξω
962 545 1019 609 aut
1043 544 1156 624 similo,
1190 565 1238 630 qno

180 645 322 730 suppleto
357 644 402 711 sio
434 646 630 712 scribendum
652 648 717 711 est:
751 649 807 714 ἐπὶ
839 651 989 738 μουσικῇ
1024 652 1112 736 ἐρῶ,
1145 646 1236 718 ὅσον

181 746 316 827 εἰκόνας
338 747 528 820 α’νὲθεσαν·
555 747 717 838 Θάμυριν
737 757 802 839 μὲν
824 780 853 823 α.
875 782 903 821 ν.
927 758 955 822 λ.
999 756 1153 836 (Auditur
1173 753 1238 824 ανέ-

180 864 316 941 θεσαν.)

278 965 343 1030 Ibd.
366 964 416 1039 30,
441 965 497 1028 10:
532 957 761 1048 οἷνασρὲπουσι
792 960 855 1031 τόν
884 967 982 1033 κίονα
1015 969 1072 1034 καὶ
1095 962 1236 1059 κατεάγη

177 1100 214 1140 νε
255 1064 315 1137 ὑπ’
359 1063 465 1138 αὐτοῦ
499 1071 649 1138 πεσοῦσα
677 1063 699 1154 η’
734 1064 829 1157 θήκη
865 1075 919 1139 καὶ
957 1073 1049 1141 εἶδεν
1083 1100 1112 1142 ιι.
1150 1102 1179 1144 ν.
1214 1081 1237 1144 λ.

175 1180 380 1264 Apertisslmo
401 1177 552 1243 sententia
572 1176 723 1261 postulat:
746 1176 965 1254 πεσόντος.

275 1286 342 1351 Lib.
375 1284 421 1361 X,
455 1284 484 1360 2,
518 1284 552 1348 5:
582 1275 744 1368 ἐκράτησε
769 1283 840 1372 ,γαρ
875 1288 1047 1361 Φίλιππος
1069 1290 1136 1370 τῆς
1158 1315 1236 1376 cop·

175 1394 291 1478 βολῆς.
338 1391 419 1455 Irno:
445 1389 495 1478 τῇ
519 1391 721 1480 συμβολῇ.
764 1391 834 1458 vid.
856 1414 886 1478 p.
910 1395 948 1456 67
972 1414 1002 1460 n.

275 1495 345 1562 Ibd.
368 1496 420 1576 30,
454 1497 488 1559 8:
521 1492 575 1563 καὶ
608 1493 631 1582 ἠ
664 1492 753 1583 κόμη
784 1494 894 1584 πολλη1
924 1504 1001 1583 μὲν·
1020 1502 1076 1566 ezr
1100 1503 1165 1586 τῆς
1187 1528 1236 1570 uc-

174 1605 297 1690 φαλῆς,
330 1597 441 1688 πολλή
475 1603 509 1669 δὲ
540 1597 630 1690 αὐτῷ
663 1607 719 1671 καὶ
756 1613 793 1672 ἐν
824 1619 897 1680 τοῖς
926 1608 1081 1693 γενείοις.
1128 1608 1236 1678 Serio:

36 1793 39 1798 .
173 1703 303 1794 πολιή
324 1711 389 1792 μὲν
411 1763 419 1778 .
442 1761 450 1776 .
477 1760 484 1775 .
507 1707 637 1796 nolle}
660 1713 709 1793 δι’.
736 1712 805 1779 Hoc
817 1711 942 1778 demum
964 1713 1073 1795 aptum
1095 1713 1138 1779 ad
1160 1716 1237 1783 senis

171 1818 246 1885 cocci
282 1815 490 1882 miserabilem
524 1817 669 1900 speciem.
692 1818 759 1897 lc.
796 1819 855 1894 31,
893 1821 910 1878 l
949 1819 981 1882 in
1017 1819 1088 1884 νῶν
1123 1823 1237 1906 μονῶν

170 1925 248 2015 lctet
269 1942 379 1989 nomen
402 1924 559 2005 proprium
581 1924 665 1990 urbis
686 1926 741 1989 cot
760 1924 914 2009 regionis.)

149 2029 161 2051 “
271 2029 482 2106 Philostrati,
514 2029 626 2095 insulsi
655 2029 821 2112 scriptoris,
843 2029 929 2095 onius
951 2031 1046 2095 oratio
1069 2050 1106 2096 cx
1126 2034 1237 2117 ineptis

168 2139 327 2203 rhetorum
349 2135 486 2200 artificiis
509 2135 711 2218 affectatorque
733 2136 887 2220 elegantis
908 2137 940 2200 et
959 2137 1096 2202 novitate
1118 2139 1238 2222 plebeio

167 2242 266 2309 mixte
288 2243 345 2319 est,
368 2240 453 2308 ritas
471 2241 678 2324 sophistcmm
706 2240 768 2326 legi
795 2245 826 2306 et
847 2241 1001 2339 Apollonii
1022 2243 1141 2320 vitem,
1180 2266 1236 2311 non

168 2348 304 2432 simplici
337 2346 369 2410 et
402 2346 527 2411 credule
554 2347 773 2429 superstitione
797 2348 951 2430 scriptam,
989 2347 1043 2412 sed
1063 2350 1108 2413 sao
1131 2353 1235 2417 oston-

166 2457 318 2522 totionem
350 2453 474 2517 inanem
506 2452 714 2535 compositam.
758 2451 823 2517 Neo
844 2453 991 2534 temporis
1021 2455 1160 2520 multum
1181 2475 1234 2523 nec

165 2581 265 2646 operae
300 2560 333 2623 in
365 2558 423 2623 tali
458 2559 606 2640 scriptore
625 2558 812 2641 ¹ponendam
847 2558 968 2640 putenti
999 2560 1124 2640 tamen,
1164 2581 1230 2628 cum

163 2665 296 2750 Kayscri
328 2673 368 2736 (a.
402 2663 482 2725 1842
517 2668 597 2747 sqq.)
632 2667 664 2730 et
696 2665 852 2729 Ducbneri
885 2671 924 2740 (a.
956 2665 1048 2740 1849)
1084 2669 1232 2750 exemplis

160 2767 426 2850 instrumentoque
449 2788 468 2833 c
488 2769 626 2855 Kaysero
648 2770 777 2835 collecto
798 2773 915 2849 uterer,
948 2771 1027 2849 haec,
1060 2791 1129 2854 qnae
1153 2773 1231 2838 infre

161 2891 283 2955 ponem,
316 2874 348 2938 in
381 2876 516 2942 mentem
547 2877 696 2941 venerunt
726 2874 765 2939 ad
797 2876 941 2940 cratonis
977 2877 1227 2944 emendationem

157 2979 337 3064 spectantis.
520 2972 522 2977 ’

44 3097 46 3101 ’
257 3085 323 3151 vit.
357 3085 490 3171 sophist.
526 3087 578 3152 lib.
612 3085 649 3162 I,
703 3087 757 3163 15,
791 3089 825 3151 5:
872 3089 918 3152 Ec
952 3082 1017 3174 γαρ
1058 3080 1224 3174 α’νήοονσι

156 3192 204 3275 (οἱ
225 3185 412 3277 nicaenos),
446 3181 550 3276 ἧσσον
575 3198 641 3279 μὲν
671 3188 931 3268 α’πσκνενοίσιν,
953 3180 1060 3276 ἧσσον
1083 3195 1119 3260 δὲ
1142 3189 1222 3280 δρά-

155 3300 275 3366 σονσαί
297 3324 334 3363 σε
360 3299 414 3363 καὶ
438 3292 660 3383 αρπάσονσαι.
711 3300 755 3366 Ut
778 3299 912 3384 mediam
938 3298 970 3363 in
1005 3299 1093 3384 δρᾶν
1127 3302 1220 3366 futuri

153 3404 284 3471 formam
313 3423 436 3487 prorsus
465 3405 580 3473 Graecis
601 3408 791 3473 inusitatam·
808 3405 960 3483 teramus,
993 3408 1100 3470 tamen
1136 3408 1220 3491 δρᾶν

150 3528 206 3594 por
227 3528 261 3574 se
282 3509 359 3574 nihil
374 3510 537 3593 significat,
559 3513 639 3596 quod
658 3514 739 3578 inter
761 3506 976 3577 ἀποκτείνειν
999 3512 1031 3575 et
1053 3505 1221 3596 ἁρπάζειν

149 3616 303 3698 interponi
322 3616 431 3698 possit.
466 3616 578 3686 Sorib.:
602 3612 840 3704 δράξονναι,
863 3617 931 3682 coll.
944 3618 996 3683 vit.
1013 3618 1118 3702 Apoll
1128 3620 1216 3700 Ι,21,

149 3721 187 3784 2:
209 3714 331 3800 (ὁπόσα
354 3716 485 3807 βούλει4
502 3716 721 3808 innocentior)
749 3727 781 3794 et
802 3725 844 3803 Π,
865 3726 916 3803 40,
947 3723 967 3786 3
989 3723 1069 3803 (τῶν
1088 3719 1217 3810 ψήφων

149 3829 274 3901 ἱκαναῖς
296 3821 519 3915 inolescere).

145 3974 150 3987 ·
245 3935 313 4000 ind.
347 3936 396 4013 18,
432 3939 452 4000 3
477 3923 528 4018 (de
549 3938 721 4017 AEschine):
757 3930 889 4022 α’νιμίᾳ,
923 3924 1119 4024 ᾔύπήγετο
1141 3929 1209 4000 orso
