2580 4530
174 230 237 292 404
596 230 655 287 Lib.
674 231 727 288 111.

131 429 244 494 Utrum
266 428 337 493 aute
358 427 420 494 σού
450 430 579 510 utroque
604 430 671 496 loco
700 423 742 497 ια’
767 427 940 495 tollendum
974 429 1017 494 sit
1050 448 1088 495 au
1119 430 1184 496 reti·

98 599 102 619 ,
133 534 276 611 nendum,
299 554 360 600 uon
382 535 553 600 decernam.

232 640 296 704 Ibd.
309 660 338 722 p.
354 641 453 706 1641)
472 641 580 707 acria:
606 644 659 708 καὶ
683 635 746 708 ούιι
768 635 813 706 δν
834 641 1064 726 αἰσχυνθείην
1084 667 1121 706 σι
1142 636 1183 726 μή

128 741 204 834 ούχὶ
230 743 346 832 ὀρθῶς
366 739 480 832 φύναι·
495 745 665 834 εἰρηκέναι
687 767 741 831 pro
763 743 826 824 ὅτι,
848 744 930 829 quod
951 745 984 811 iu
1006 749 1184 814 sudaturam

126 853 243 921 includi
264 872 322 919 nou
344 855 455 937 potest.
1089 873 1092 876 “

228 960 294 1025 lbd.
316 981 345 1042 p.
371 961 431 1022 174
452 961 495 1026 Ι);
542 953 615 1047 Ούχ
637 954 724 1043 αύση
747 949 783 1024 δέ
805 983 858 1044 γε,
887 950 932 1031 οἷς
954 965 1078 1033 ἔοικεν,
1101 960 1183 1026 ἐστὶν

125 1061 148 1149 η
178 1060 396 1152 σωφροσύνη,
430 1059 503 1132 a‘ll'
535 1055 575 1150 ἧς
608 1075 707 1152 ε”ργον
739 1067 808 1132 ἐστὶ
841 1060 881 1130 σύ
915 1056 1059 1149 ω’φσλσῐν
1088 1058 1182 1151 ἡμᾶς.

123 1171 192 1237 Nou
230 1172 458 1261 demonstratur
491 1170 584 1237 aliam
619 1172 754 1255 aliquam
786 1171 961 1245 scientiam,
999 1191 1068 1256 quae
1103 1171 1182 1237 nobie

126 1277 211 1343 utilis
234 1279 276 1343 sit
303 1267 354 1362 (ἧς
377 1287 476 1365 ἔργον
506 1280 575 1343 ἐστι
607 1303 636 1342 α.
659 1304 688 1342 ε.
712 1280 779 1356 tl„
802 1296 869 1343 esse
892 1296 971 1354 eam,
1002 1296 1097 1363 quam
1119 1281 1183 1343 auto

124 1383 242 1448 dictum
267 1388 315 1450 est
336 1387 437 1450 totum
459 1385 612 1450 continere
634 1381 682 1469 roffi
696 1376 735 1451 εὖ
756 1389 788 1453 et
809 1383 847 1454 οδ
872 1381 1053 1473 ω’φελίμωςΙ
1074 1383 1182 1470 aliquid

122 1488 200 1565 fieri,
224 1490 279 1554 sed
302 1490 512 1568 concluditur,
538 1484 603 1574 ιη“ν
626 1484 848 1578 σωφροσύνην
879 1498 932 1570 (-
957 1492 991 1559 id
1011 1494 1182 1558 subiectum

122 1614 190 1661 ceso
213 1597 364 1662 articulus
386 1597 521 1662 ostendit
542 1599 611 1681 -),
645 1618 712 1682 quae
729 1601 863 1665 tantum
888 1599 1089 1684 ἐπιστημῶν
1111 1604 1182 1662 ἐσι-

121 1694 236 1788 σσήγιη
259 1705 310 1782 sit,
336 1722 395 1770 non
418 1696 558 1790 α’γαδού
581 1705 636 1770 καὶ
660 1706 780 1782 κακοῦ,
815 1724 877 1770 nen
901 1723 968 1771 osse
989 1706 1096 1783 illam,
1119 1718 1181 1789 quae

122 1827 176 1874 noe
199 1809 294 1876 iuvet.
331 1810 450 1877 Vitium
473 1812 629 1877 sententiae
655 1814 792 1879 nascitur
813 1831 849 1877 er
871 1804 944 1876 ἀλλ’
965 1812 1048 1877 male
1067 1811 1180 1886 addito,

120 1934 191 1980 curn
213 1935 272 1981 non
292 1915 533 2002 intellegeretur,
554 1907 596 2002 ἧς
615 1920 767 2001 pertinere
789 1919 829 1986 ad
848 1912 945 2001 αὕτη.
975 1914 1052 1981 *Sed
1074 1914 1180 2005 eadem

116 2021 314 2105 interpolatio
342 2025 434 2106 paulo
460 2028 537 2107 post
563 2027 685 2092 versata
712 2028 777 2102 est,
811 2025 864 2090 ubi
893 2024 1009 2090 editur:
1044 2018 1130 2088 ὥστε
1151 2025 1180 2087 εἰ

118 2125 205 2213 αύτη
234 2133 326 2195 ἐστὶν
353 2123 540 2214 ω’φέλιγισς,
569 2127 593 2216 ἦ
622 2126 822 2218 σωφροσύνη
851 2127 933 2196 ύλλσ
960 2155 992 2195 τι
1016 2121 1179 2229 17νεῖηῆ

117 2227 274 2320 ω’φελίμη
296 2230 393 2320 ἡμῖν,
413 2237 493 2302 mira
514 2237 659 2302 adiectivi
679 2236 904 2304 terminationis
924 2235 1085 2315 varietate,
1112 2253 1177 2321 quae

116 2360 150 2406 co
178 2342 349 2423 suspectior
370 2344 431 2415 est,
452 2343 531 2425 quod
554 2346 646 2409 etiam
668 2365 697 2427 p.
712 2346 772 2408 175
793 2346 823 2409 Α
845 2336 1014 2429 ω’φέλιμος
1034 2337 1177 2408 feminino

115 2466 226 2531 genere
258 2447 377 2515 dicitur.
441 2447 509 2513 Non
541 2449 749 2526 concluditur,
786 2448 850 2535 την
883 2476 984 2536 σωφρ.
1020 2468 1080 2514 non
1114 2466 1177 2514 esse

114 2553 241 2632 utilem,
273 2553 409 2618 sednon
432 2572 498 2618 osse
522 2553 610 2630 hauc,
636 2555 675 2619 do
698 2575 758 2638 qua
783 2556 901 2623 dictum
929 2557 985 2628 sit,
1013 2575 1085 2621 cum
1115 2556 1177 2621 haec

114 2659 200 2724 utilis
222 2660 272 2738 sit,
295 2683 395 2744 σωφρ.
417 2679 479 2724 non
499 2660 600 2725 utilis:
630 2655 652 2744 ἡ
676 2655 876 2748 σωφροσύνη
898 2659 980 2728 ἄλλο
1002 2683 1042 2727 τι·
1058 2656 1104 2728 ἂν
1125 2666 1176 2746 εἴη

114 2758 616 2853 ἡμῖν7111δὶωῒοτῆοἰφσλίγιη).
690 2775 693 2779 ’
991 2852 993 2857 ¹

214 2873 280 2937 Ibd.
310 2894 339 2957 p.
370 2874 429 2936 176
459 2874 502 2937 B:
549 2874 660 2941 Eum
684 2867 770 2949 ἄλλ’,
804 2882 867 2960 ἔφη
902 2871 921 2941 ὁ
954 2877 1117 2960 Κριτίας,
1153 2864 1175 2939 ύ

113 2979 297 3064 Χαρμίδη,
333 2980 414 3066 δρᾷς
445 2981 545 3046 τούτο
579 2975 688 3068 ἔμοιγ’
718 2989 811 3049 ἔσται
843 2983 944 3049 τούτο
978 2980 1174 3069 τεκμήριον,

113 3081 165 3151 ὅτι
203 3101 405 3172 σωφρονεῖς,
448 3082 493 3173 ἢν
525 3082 665 3175 ἐπᾴδειν
696 3083 845 3178 παρέχῃς
876 3117 904 3156 α.
928 3118 957 3156 a.
975 3092 1010 3176 ²·
1074 3090 1174 3174 Vulgo

115 3195 222 3259 contra
245 3195 363 3261 codices
385 3196 540 3262 addebant
562 3201 593 3262 εἰ
617 3202 687 3263 aute
710 3198 800 3283 δρᾷς,
824 3217 917 3297 prave
938 3197 1047 3262 eadem
1069 3194 1175 3261 condi-

114 3302 200 3366 cione
228 3301 276 3366 bis
303 3301 402 3384 posita
433 3304 477 3380 (et
510 3303 642 3369 debebat
672 3323 739 3370 ease
762 3298 941 3390 δρύοεις).-
977 3303 1174 3367 Hermannua

112 3408 181 3472 tolli
204 3408 272 3485 vult
292 3410 393 3473 τοῦτο
418 3407 508 3491 δρᾷς,
532 3410 612 3491 quod
636 3411 688 3493 qui
711 3410 782 3475 addi
802 3411 945 3493 potuerit,
968 3427 1028 3473 uon
1049 3409 1175 3474 intelle-

110 3512 203 3595 gitur.
249 3513 360 3578 Seria:
390 3513 462 3598 δρύ
481 3516 597 3578 τούτο·
622 3524 738 3601 ἔμοιγε
760 3523 852 3580 ἔσται
876 3540 904 3579 ιι.
928 3541 956 3578 τ.
980 3517 1008 3579 λ.

212 3619 360 3685 Lachetis
382 3641 411 3703 p.
428 3620 486 3682 182
510 3619 551 3686 C:
582 3616 641 3704 Μή
666 3615 888 3705 αἀιγιύσωμσν
910 3615 939 3687 δ’
961 3626 1072 3687 εἰπεῖν
1097 3666 1172 3695 ...,

112 3718 164 3786 ὅτι
199 3726 254 3788 καὶ
291 3719 601 3812 σύσχημονὲστερον
637 3720 783 3812 (ποιήσει
816 3722 957 3812 αύτηη
989 3722 1172 3813 ἐπιστήμη)

110 3833 281 3906 ἐνσαύθα,
305 3821 349 3899 ού
369 3829 430 3919 χρή
445 3830 509 3899 τόν
524 3831 633 3919 ἄνδρα
648 3827 958 3920 εύσχηγιονὲσσερον
971 3836 1172 3920 φαίνεσθαι,

111 3923 155 4000 ού
178 3932 250 4020 ἅμα
275 3941 329 4003 καὶ
361 3934 550 4024 δεινότερος
577 3954 648 4014 σοῖς
678 3948 813 4025 ἐχθροῑς
840 3956 995 4024 φανεῖσαι
1026 3943 1080 4010 διαὶ
1107 3941 1173 4028 «ιη’ν

111 4035 383 4131 εὐσχημοσύνην.
444 4047 485 4111 Et
522 4048 649 4114 offendit
680 4049 726 4113 bis
762 4048 895 4132 positum
925 4051 1002 4115 illud
1033 4042 1075 4118 οὗ
1106 4052 1173 4118 siue
