2580 4530
207 226 267 288 252
515 281 518 285 ,
641 227 700 281 Lib.
720 228 756 282 11.

263 426 304 490 Ei
326 425 364 491 de
387 420 546 513 διελησεῳ
568 444 627 491 σου
650 424 770 502 dubito3
793 447 846 510 pro
863 421 926 515 ῥόῳ
941 431 1080 512 pessime
1100 429 1224 514 reperim

165 532 287 616 propius
309 532 433 616 aliquid,
455 534 565 598 neseio.
1227 555 1229 561 ·

265 639 331 704 Ibd.
354 637 424 714 899,
447 636 520 710 900,
578 636 729 717 Quoniam
752 637 806 701 hos
832 655 938 704 veluus
960 639 1126 706 eiioiendos
1160 660 1225 706 esse

165 743 199 807 L.
212 743 388 809 Dindorfius
411 745 503 826 (thes.
527 744 632 827 steph.
656 744 684 807 V
704 761 733 824 p.
747 741 841 819 2290)
854 757 922 808 'non
944 746 1107 829 persuasit,
1131 747 1228 811 restet

165 851 200 913 ui
221 850 347 914 tollatur
361 851 506 915 mendum
518 851 550 914 in
562 848 710 916 vooebulo
726 843 818 928 ὅσας,
842 849 899 915 sub
921 868 980 935 quo
1000 850 1080 916 latei
1100 851 1227 936 aliquid,

165 955 244 1038 quod
264 971 382 1033 amores
411 956 563 1022 amon'uve
590 954 717 1020 insidiae
745 973 764 1019 e
791 954 913 1022 feminis
948 951 1030 1034 (διεδ
1063 959 1227 1041 θηλειῶν)

165 1060 328 1145 significet.
374 1062 503 1127 Videtur
530 1059 625 1125 fuisso
658 1054 728 1125 οἷοιό
752 1062 904 1144 θηλειῶν
932 1057 1064 1135 νόσους.
1124 1062 1228 1129 Semel

164 1168 278 1251 scn'pto
302 1193 322 1231 ν
344 1161 443 1242 όσους
464 1169 495 1233 in
516 1162 599 1238 ὅσας
619 1167 773 1230 mutatum
796 1168 852 1233 ost.
880 1191 886 1206 ¹

263 1273 329 1338 Ibd,
353 1275 423 1350 902,
446 1273 522 1337 903:

298 1372 358 1445 οὐκ
383 1385 417 1442 ἐν
440 1372 551 1462 λόγοις
573 1368 618 1460 ἦν
641 1375 813 1463 λαμπρός,
833 1372 906 1444 o'ii‘
928 1385 965 1444 ἐν
987 1374 1107 1455 οἷσπίδι

261 1508 272 1525 b
299 1481 410 1557 δεινδς
433 1478 596 1569 σοφιστής
617 1477 728 1546 πολλοί
750 1478 779 1548 τ’
800 1489 949 1569 ἐξευρεῖν
971 1482 1069 1572 σοφά.
1124 1503 1134 1517 ““

164 1590 340 1656 Infiniiivus
363 1609 421 1655 non
444 1591 527 1655 reete
549 1608 620 1653 eum
641 1588 767 1672 reliquis
789 1591 863 1667 eoii3
885 1592 988 1675 iisque
1005 1592 1227 1662 Vulokonan'us

165 1689 268 1783 σοφός
289 1698 384 1763 9οήοἰ
413 1696 546 1771 volebat3
582 1695 715 1760 debebat
744 1691 854 1761 πολλοὶ
877 1689 907 1761 τ’
928 1698 1102 1782 ἐξηῦρεν
1127 1693 1226 1785 σοφά.

163 1804 307 1871 Ceterum
327 1823 386 1869 non
409 1803 503 1868 audeo
519 1800 644 1866 Porsoni
666 1802 868 1884 suspicionem
889 1803 971 1868 huno
992 1822 1116 1872 versum
1138 1805 1236 1870 dam·

164 1911 264 1975 neniis
286 1909 506 1996 reprehendere
528 1928 597 1973 oum
620 1908 659 1973 ob
682 1893 844 1993 σὀφισεής
856 1911 887 1973 ei
898 1904 985 1994 σοφοί
998 1911 1064 1977 sine
1085 1912 1227 1976 acumine

163 2017 372 2081 concurrentia
382 2016 448 2107 tum
461 2015 541 2098 quod
552 2014 636 2079 idem
649 2013 720 2093 905,
744 2015 803 2079 906
825 2014 952 2091 diuitum
977 2018 1017 2082 ei·
1028 2018 1128 2100 potuit
1146 2017 1228 2095 addi,

163 2142 234 2188 oum
256 2141 317 2186 non
339 2121 557 2195 attenderetur,
582 2117 740 2205 λαμπρός
761 2122 883 2204 uin'que
905 2125 1044 2189 membro
1066 2141 1227 2188 commune

163 2249 238 2295 esse.
272 2228 331 2293 Sed
348 2225 427 2310 quod
438 2225 614 2292 Dindorfius
636 2227 744 2292 eadem
768 2228 964 2295 damnatione
993 2230 1226 2313 comprehendit

163 2355 190 2400 u.
214 2332 388 2406 904-908,
406 2331 502 2409 idem,
525 2331 603 2414 quod
625 2351 715 2417 saepe,
738 2334 868 2416 requiro,
890 2335 971 2400 unde
986 2336 1073 2412 huo,
1097 2334 1136 2400 de
1158 2336 1225 2400 Me-

163 2443 266 2525 leagro
287 2437 467 2522 presertim,
490 2435 633 2520 cuiquam
653 2438 684 2501 in
705 2439 843 2505 mentem
865 2441 1014 2505 uenerint.

265 2544 332 2611 Ibd.
356 2543 415 2606 913
438 2563 522 2627 sqq.:
705 2538 728 2628 ἦ
753 2537 782 2609 δ’
805 2539 967 2629 εὐανδρία

298 2643 463 2720 διδακτός,
486 2649 582 2731 εἴπερ
605 2649 660 2714 καὶ
679 2651 806 2734 βρέφος
828 2647 1020 2719 διδάσκεται

298 2759 406 2842 λέγειν
429 2749 567 2822 α’κσδειν
587 2748 637 2830 θ’,
663 2743 711 2821 οἷν
731 2749 890 2841 μα’θηοιν
912 2753 973 2826 οὐκ
997 2766 1071 2846 ἔχει.

166 2861 335 2948 Μάθηοιν
363 2860 412 2947 μή
447 2868 535 2948 ἔχειν
569 2855 663 2936 τινός
702 2865 750 2928 est
786 2862 924 2930 discendi
954 2866 1135 2932 facultatem
1168 2889 1226 2934 non

163 2973 290 3048 hubere;
330 2974 441 3052 (neque
469 2969 550 3047 onim
578 2963 739 3054 μα’θησιν
770 2970 980 3050 missionum,
1012 2973 1065 3038 sed
1088 2974 1228 3041 discendi

164 3079 273 3157 neuim)
303 3078 406 3161 iisque
434 3076 577 3159 quoniam
607 3095 699 3159 prove
726 3075 827 3141 iniens
861 3075 965 3142 dooeri
996 3078 1123 3158 dieitur,
1159 3101 1226 3164 quee

165 3187 281 3252 disoeno
316 3182 454 3266 nequeat,
491 3182 715 3247 restituendum
747 3183 795 3248 esi
824 3201 841 3248 e
868 3183 1053 3250 Damasceni
1084 3186 1172 3252 floril.
1195 3209 1225 3269 p.

164 3293 223 3354 381
248 3290 343 3356 Gaiss,
366 3293 407 3371 (p.
432 3288 491 3349 188
514 3287 676 3368 Meinok.):
700 3276 748 3354 οἷν
769 3282 927 3373 μα’θηοις
951 3295 988 3356 ἐν
1010 3287 1107 3376 λόγῳ,

264 3396 330 3462 Ibd.
353 3396 413 3458 972
435 3412 519 3476 sqq.:

397 3500 499 3582 μέλεα
523 3494 645 3571 πυιδδς
668 3506 705 3565 ἐν
726 3502 831 3573 οἴκοις

400 3619 504 3670 κεῖσαι
527 3598 706 3689 μνήματα,
729 3609 896 3690 πένθιμοι

400 3713 517 3796 κουραὶ
541 3713 595 3777 καὶ
619 3714 777 3796 στέφανοι
801 3709 921 3798 κόμας,

399 3818 513 3903 λοιβαί
535 3844 571 3883 σε
595 3815 723 3885 νεκύων
746 3821 936 3905 φθιμένων,

398 3919 523 4002 οἶοιδαὶ,
546 3922 608 3998 σας
628 3918 841 4011 χρυσοκόμας

399 4025 579 4099 Ἀπόλλων
601 4025 662 4097 οὐκ
686 4025 859 4118 ἐνδέχεται.
