2580 4530
575 259 636 315 uss.
654 260 706 316 111.
1065 239 1126 324 313

109 454 201 546 νήθη
222 456 314 545 πρδς
334 456 415 533 τοῦς
426 456 526 544 ὅρους
537 459 718 537 Κιλικίας),
739 463 859 544 partem
881 460 996 527 silicis
1012 461 1116 547 Lydiae
1138 466 1170 526 et

108 569 249 653 Phrygia
278 567 500 633 conterminam
531 567 689 632 transisse.
750 566 810 632 Sed
842 567 1005 649 scripserat
1038 567 1080 634 τοί
1117 570 1168 656 τῇ

108 675 286 760 Κιλικίᾳ
316 675 545 759 συνορίζοντα.
594 672 669 753 Quae
691 673 730 736 od
752 673 1062 756 Thucydidis'locum
1084 693 1168 740 oom-

108 783 265 863 parautur‚
293 781 375 864 quod
397 772 572 865 πρότερος,
600 776 753 862 ὕστερος,
783 774 961 863 ῦστεραῑος
983 799 1053 846 oum
1076 800 1169 865 gene-

107 889 166 954 tivo
190 888 340 952 dicuntur
370 886 424 974 (τῇ
449 889 597 973 προτέρῃ
619 886 714 949 ννκτλ
737 885 805 951 τάν
827 885 1100 967 Παναθηναίων,
1126 889 1168 972 τῇ

106 988 269 1079 ῦαισραίᾳ
290 995 353 1078 τῆς
375 986 495 1078 μάχης,
517 994 553 1057 ut
572 991 701 1074 pridie
724 995 755 1055 et
775 991 992 1074 postridie),
1014 993 1068 1056 aut
1089 993 1169 1074 quod

106 1099 311 1165 inintervallo
328 1099 475 1180 temporis
497 1098 630 1163 notando
650 1096 762 1160 dicitur
782 1098 864 1180 apud
885 1097 1024 1180 antiquos
1045 1116 1168 1179 perraro

106 1201 178 1289 μετ’
201 1199 324 1292 ὀλίγον
348 1200 478 1270 τούτων
510 1203 674 1285 (Xenoph.)
705 1205 758 1266 aud
784 1205 927 1290 πέμπτφ
950 1210 1016 1269 deos
1039 1198 1170 1270 τοῦτον

106 1312 265 1392 (Herod),
294 1310 375 1394 apud
396 1311 583 1375 recentiores
603 1309 675 1374 inde
696 1329 715 1372 a
736 1309 861 1394 Polybio
886 1310 1060 1395 frequenter
1080 1308 1167 1394 pessi

107 1413 239 1492 πολλάς
260 1411 391 1504 ἠμίρας
413 1418 475 1482 τοῦ
495 1407 715 1500 τολμήματος
739 1419 838 1497 (post
865 1418 1014 1480 sextum
1041 1417 1168 1482 cladis

107 1543 268 1602 annum,
314 1523 448 1599 Sueten.)
487 1525 541 1588 eut
573 1517 639 1607 πρό
673 1520 809 1586 πολλῶν
843 1516 981 1606 ἠμιρών
1012 1549 1049 1612 τ.ι
1074 1550 1106 1588 τ.
1136 1525 1170 1605 et

107 1630 228 1704 similia
254 1630 294 1695 ad
316 1624 334 1695 o‘
357 1623 460 1702 αι’τός
481 1629 560 1694 nihil
579 1648 703 1711 prorsus
724 1628 886 1710 pertinent.

203 1735 274 1800 Ibd.
298 1737 348 1812 89,
371 1741 404 1797 4:
426 1729 628 1803 Ἀντίπαλοι
648 1739 712 1818 μὲν
734 1729 798 1820 χάρ
827 1739 858 1798 οἱ
882 1733 1031 1807 πλείους,
1055 1730 1168 1820 ὥσπερ
1261 1746 1263 1750 ’

107 1831 213 1918 οῦτοι,
236 1843 280 1930 τῇ
304 1836 448 1927 δυνάμει
471 1837 510 1909 τδ
534 1846 639 1908 πλέον
661 1842 798 1906 πίσυνοι
819 1834 841 1924 ἢ
864 1840 906 1926 τῇ
928 1832 1050 1927 χνοίμῃ
1071 1845 1169 1922 ἐπίρ-

107 1971 233 2034 χονται.
277 1949 427 2015 Perverse
458 1944 640 2016 desistetne
669 1947 859 2031 appositione
881 1945 1055 2028 adiungitur
1076 1946 1116 2011 ad
1137 1953 1170 2011 οἱ

109 2056 249 2128 πλείους
276 2056 541 2140 corrumpiturque
570 2053 739 2120 sententia,
774 2052 801 2116 si
826 2052 949 2147 tantum
974 2053 1171 2132 multitudiue

107 2164 280 2245 superiores
303 2162 514 2245 significantur
530 2161 852 2242 aononetiamparea
875 2160 1019 2241 quoniam
1030 2160 1172 2224 contrarii

105 2273 174 2333 sunt
184 2287 248 2333 non
260 2272 293 2332 οἱ
305 2273 338 2343 ἐξ
348 2261 608 2350 ῦποδεοοτὲρυιν,
622 2267 676 2330 sed
687 2270 719 2330 οἱ
731 2271 765 2330 ἐν
778 2242 1164 2350 πολλῴιῦποδεοοτίροιν.

107 2374 303 2460 Thucydides
324 2374 502 2456 scripserat:
545 2369 748 2440 Ἀντίπαλοι
773 2377 837 2456 μὲν
859 2368 923 2457 γάρ
947 2366 969 2456 ἢ
992 2374 1139 2446 πλείους.

202 2481 273 2546 lhd.
287 2480 339 2556 93,
363 2481 396 2542 2:
420 2476 493 2544 ’ἐπεὶ
516 2473 587 2544 οὔτ’
609 2473 677 2544 α’πδ
701 2481 761 2544 τοῦ
784 2482 984 2563 προφανοῦς
999 2483 1165 2565 τολμῆσαι

106 2584 145 2651 άν
167 2580 254 2651 καθ’
276 2580 436 2671 ἡσυχίαν,
464 2579 536 2651 οὐδ’
563 2592 593 2650 εί
616 2587 830 2665 διενοοῦντο,
858 2585 907 2675 μή
931 2583 993 2656 οῦκ
1016 2582 1060 2652 σίν
1082 2612 1164 2671 προ·

106 2698 307 2760 αισθίοθαι.
379 2693 456 2757 Vitii
487 2693 604 2776 aliquid
636 2714 703 2758 esse
735 2697 839 2779 Poppo
881 2697 987 2762 sensit.
1049 2694 1167 2759 Omitto

107 2800 180 2867 οὔτε
204 2838 249 2847 -
271 2793 343 2865 οὐδ’
368 2804 409 2864 εί.
454 2799 584 2864 Gravius
611 2802 659 2865 est
685 2802 783 2879 enim,
812 2804 894 2885 quod
919 2821 1044 2884 prorsus
1073 2820 1167 2882 prave

106 2908 258 2973 unusne
278 2907 431 2988 ponuntur
453 2899 521 2970 άπά
545 2905 607 2970 τοῦ
629 2908 829 2991 προφανοῦς
851 2910 883 2971 et
905 2913 935 2972 εἰ
958 2909 1188 2982 διανοοῦνται

107 3015 191 3096 quasi
213 3013 343 3096 apertus
362 3013 495 3095 impetus
518 3008 603 3077 ἄνευ
626 3014 776 3084 διανοίας
798 3014 862 3091 fiat,
887 3017 919 3077 et
939 3016 1022 3097 quod
1044 3032 1166 3096 prorsus

106 3120 237 3185 absurde
259 3120 298 3182 de
327 3120 431 3201 aperto
462 3119 580 3201 impetu
602 3120 666 3204 (qui
687 3140 793 3202 repens
816 3123 847 3184 et
867 3121 1075 3184 tumultuosus
1099 3138 1165 3183 esse

108 3225 205 3303 debet)
229 3223 356 3288 additur
374 3218 454 3288 καθ’
475 3219 626 3311 ἡσυχίαν,
651 3227 730 3308 quod
745 3227 784 3290 ad
799 3225 981 3290 contrariam
996 3225 1041 3288 rei
1057 3244 1167 3308 aggre-

108 3330 224 3395 diendae
246 3331 396 3404 formam,
427 3331 650 3395 consideratam
681 3337 711 3395 et
732 3331 829 3398 latere
854 3332 1029 3404 conantem,
1059 3332 1166 3412 aptum

108 3440 158 3501 est.
204 3438 279 3518 Ipso
302 3437 395 3500 etiam
417 3437 482 3500 loco
506 3431 586 3501 καθ’
608 3432 752 3523 ἡσυχίαν
767 3439 904 3522 arguitur
925 3457 983 3502 non
1007 3437 1046 3500 ad
1068 3435 1168 3517 priora

108 3543 268 3623 pertinere.
331 3541 502 3626 scripserat
535 3544 742 3629 Thucydides:
787 3546 859 3610 ἐπεὶ
898 3538 968 3611 οὔτ’
1001 3536 1070 3607 dno*
1105 3543 1166 3606 τοῦ

110 3650 309 3734 προφανοῦς
331 3650 500 3732 τολμήσαι
523 3644 579 3723 άν,
608 3645 700 3714 καθ’
727 3647 904 3737 ἡσυχίαν
935 3645 963 3717 δ’
993 3653 1030 3716 εἰ
1060 3654 1168 3719 διενθ-

109 3757 222 3830 οῦντο,
245 3753 296 3838 μή
320 3748 382 3821 οῦκ
406 3749 450 3820 άν
472 3763 736 3841 προαισθέσθαι.

204 3864 273 3928 ihu.
296 3863 348 3939 97,
370 3864 405 3926 3:
441 3855 548 3948 Φάρος
575 3890 613 3928 τε
636 3870 670 3928 ἐκ
693 3859 804 3950 πάσης
826 3867 887 3949 τῆς
907 3859 1089 3951 βαρβάρου
1113 3866 1165 3929 καὶ

110 3970 174 4034 τοῖν
194 3963 409 4052 Ἐλληνίδων
430 3965 577 4046 πόλεων,
599 3967 689 4036 ὅσον
711 3972 768 4049 (sic
789 3972 907 4037 codices
931 3972 1083 4048 meliores,
1106 3989 1167 4034 non

111 4071 200 4156 ὅσον)
228 4079 404 4161 προοῆξαν
432 4070 490 4142 ἐπὶ
515 4070 662 4144 Σεάθον.
713 4078 754 4140 st
780 4077 885 4142 coristi
915 4077 1013 4142 forma
1041 4074 1168 4143 offendit
