2580 4530
226 223 287 293 286
655 224 716 282 uio.
733 223 771 280 lL

283 422 325 500 ΙΙ,
343 421 425 486 974:

268 520 493 610 respnsorem
515 523 636 594 ἑκατόν
657 521 789 595 δεύοιτό
813 554 883 602 κεν,
908 532 941 594 εἴ
959 554 1011 603 τις
1032 529 1155 597 bisaura

268 627 452 727 πεμπάζοι.

265 740 332 804 xDe
354 740 479 810 flumina
506 739 706 805 multifariam
729 740 827 806 diviso
849 742 926 805 mire
948 740 1060 806 dicitur
1081 737 1237 809 δεύεσθαι

186 843 330 928 (irrigari)
364 848 396 911 et
433 840 596 913 betsabee
631 849 679 918 εἰς
711 838 841 912 ἑκατόν.
877 847 1058 929 Ι(ΜοιΙιοΙὶἰκ
1072 850 1240 916 oonieotnra

185 943 345 1034 τετράδος
359 953 436 1018 nihil
451 954 612 1019 iuvatneo
625 953 722 1018 ullam
738 972 861 1019 oausam
878 953 994 1032 habet.)
1016 953 1151 1020 Rectum
1173 957 1241 1044 erit:

385 1052 538 1143 τετράκις
559 1061 608 1132 εἰς
629 1054 750 1125 ἑκατόν
771 1050 936 1126 οεάοιτό
959 1072 1043 1134 κεν.

187 1163 217 1227 b.
242 1184 267 1228 e.
292 1164 324 1228 in
347 1166 584 1250 quadringentas
607 1166 711 1247 partes
733 1168 835 1230 currat
857 1168 888 1231 at
909 1186 942 1232 se
964 1165 1129 1230 diffundat.

286 1269 329 1348 ΙΙ,
351 1271 422 1349 984,
446 1271 703 1356 quemadmodum
717 1272 742 1349 Ι,
765 1272 826 1335 546
843 1271 957 1347 osaea,
980 1272 1062 1336 male
1075 1273 1244 1356 praepositio

192 1395 262 1443 oum
292 1377 382 1442 verbo
410 1377 534 1453 coaluit;
564 1377 758 1443 scribendum
779 1379 827 1443 est
849 1379 930 1443 enim
952 1378 1002 1456 (de
1023 1377 1244 1443 Tbermodonte

184 1479 303 1560 fluvio):

239 1579 373 1654 Πόντον
395 1595 428 1662 ἐς
443 1585 603 1666 Ἄξεινον
626 1585 753 1675 κνρτήν
782 1584 846 1656 ὑπ’
876 1582 1101 1677 ἐρεύγεται
1124 1586 1243 1673 άκρην,

186 1692 215 1756 h.
238 1711 263 1757 e.
287 1697 459 1781 prorumpit
479 1700 613 1778 (eruebat
634 1697 741 1780 aquas)
769 1697 826 1762 snb
848 1715 974 1761 ourvum
992 1695 1243 1779 promuntorium.

186 1799 230 1863 Eo
253 1800 354 1865 minus
375 1802 434 1867 looi
457 1806 505 1868 est
525 1802 699 1868 Ruhnkenii
721 1803 897 1868 coniecturae
920 1799 1034 1887 ἄχνην.

286 1907 327 1984 11,
352 1909 441 1971 1171.
465 1933 470 1940 ·
495 1910 592 1988 Mire,
628 1928 699 1974 oum
731 1909 987 1976 oommemoretur
1020 1925 1073 1972 arn
1107 1907 1165 1973 sub
1199 1907 1244 1970 dio

189 2013 274 2076 extra
295 2013 445 2096 templum
468 2017 636 2093 exstructa,
663 2016 766 2098 ipsum
787 2013 938 2096 tempium
960 2013 1025 2078 sine
1047 2014 1132 2078 teoto
1154 2013 1245 2077 fuisse

187 2115 299 2182 dieitur
320 2115 425 2198 (ἐκτός
447 2115 631 2205 άνηρεφέος
653 2106 742 2185 πέλε
757 2121 864 2203 upon),
886 2119 1022 2184 utnulla
1040 2116 1134 2183 inerit
1155 2135 1246 2182 nausa

187 2239 272 2286 aram
295 2227 380 2291 extra
401 2227 585 2292 exstruendi.
619 2226 700 2292 'Sine
723 2227 816 2293 dnbio
837 2227 928 2308 poeta
949 2225 1133 2306 scripserat:

539 2326 634 2404 ἐκτός
656 2327 886 2416 εὐηρεφέος
909 2334 989 2397 πέλε
1011 2332 1105 2414 opor).

187 2437 342 2503 Librarius
365 2440 397 2502 et
420 2438 553 2503 offensus
576 2463 615 2504 ειι
636 2440 773 2520 oorrepto
803 2440 836 2502 at
862 2438 901 2503 ad
926 2437 1113 2503 sententiam
1140 2454 1249 2518 parum

188 2541 324 2607 attentus
346 2535 533 2626 άνηρεφὲορ
553 2543 661 2609 effecit.
726 2554 728 2559 '

287 2648 328 2725 Π,
353 2650 446 2709 1251:

233 2747 295 2818 τάν
326 2757 392 2837 μὲν
424 2750 497 2831 (τόν
527 2750 658 2841 αἰετόν)
691 2750 742 2822 ἐπ’
775 2749 964 2842 οἷκροτοῖτης
997 2756 1079 2826 ἴδον
1103 2765 1246 2837 ἕσπερον

1015 2857 1086 2937 ὀξέϊ
1104 2861 1201 2946 ῥοίζῳ

235 2959 316 3050 νηάς
339 2961 607 3051 ὑπερπτάμενον
629 2973 757 3055 νεφέων
779 2964 905 3056 σχεδόν.
961 3007 965 3016 ·

287 3072 395 3157 Neque
417 3083 562 3160 ἕσπερον
583 3078 775 3151 aecusativus
797 3077 870 3161 quid
885 3077 944 3142 sibi
962 3076 1037 3141 velit
1051 3076 1083 3137 ot
1097 3071 1247 3156 quomodo

190 3198 260 3244 oum
292 3179 418 3264 reliquis
452 3182 620 3262 cohaereat,
652 3185 858 3269 intellegitur,
894 3200 991 3264 neque
1026 3179 1098 3263 quid
1127 3180 1170 3244 sit
1197 3171 1247 3243 ἐπ’

190 3279 380 3372 άιιροτάτης
401 3287 467 3351 εἰπε
489 3289 694 3366 substantium
717 3308 875 3356 namnum
897 3281 977 3369 νηός
1000 3287 1142 3370 coniungi
1164 3287 1248 3351 nullo

190 3396 278 3474 pacto
300 3394 412 3476 potest,
441 3394 522 3476 quod
543 3396 657 3476 pendet
679 3397 717 3461 ab
738 3387 1023 3480 ὑπερπτάμενον,
1056 3411 1152 3475 neque
1175 3411 1248 3457 sane

192 3500 303 3583 aquila,
334 3520 400 3582 quae
422 3506 550 3583 νεφέων
575 3493 691 3586 σχεδόν
713 3501 849 3575 volabat,
880 3491 931 3562 ἐπ’
954 3491 1144 3582 οἷκροτάτης
1168 3493 1248 3586 νηός

191 3605 444 3686 conspiciebatur.
489 3606 689 3671 Scribendum
710 3607 775 3670 est:
795 3593 797 3597 ⁸

253 3711 315 3776 τόν
336 3715 401 3797 μὲν
423 3710 475 3778 ἐπ’
497 3704 684 3798 άκροτάτης
708 3709 782 3776 ἴδον
805 3712 980 3794 ἑοπέρον
1002 3704 1071 3784 ὀξέϊ
1090 3712 1186 3797 ῥοίζῳ

254 3811 337 3900 νηός
359 3811 638 3906 ὑπερπτάμενον.

292 3923 428 4007 Tempus
449 3925 654 4010 significatum
677 3923 782 4006 itaque
799 3919 935 4003 sequitur
950 3919 987 3984 de
1000 3920 1138 3986 insecuta
1160 3926 1250 3987 noote

190 4042 218 4088 v.
235 4023 315 4086 1260
337 4025 494 4117 ἐννύχιοι.
522 4027 695 4114 Ἕσπερος
720 4028 867 4095 feminino
889 4043 999 4108 genere
1020 4026 1068 4089 est
1088 4026 1142 4103 IV,
1160 4029 1249 4100 1290,
