2580 4530
211 245 252 306 94
653 244 715 300 Lib.
728 245 750 299 l.

168 442 251 505 tibus
274 442 386 507 iudicia
408 441 586 519 adiecisset,
608 443 773 508 Horatium
794 440 933 507 laniavit.
981 442 1041 522 Qui
1063 445 1170 509 tamon
1193 462 1232 516 ne

167 549 253 613 solus
275 548 307 612 in
328 549 386 612 hac
409 547 560 629 pravitate
581 550 662 612 esset
684 549 738 612 aut
760 547 937 613 temeritato
959 536 1114 629 summus,
1136 569 1234 633 nuper

170 654 221 735 (ne
244 653 416 736 Gruppium
444 655 696 737 commemorem)
721 654 868 718 Lohrsius
899 653 931 717 in
957 653 1061 720 Ovidii
1092 656 1233 738 epistolis

173 767 252 841 (quae
274 758 434 835 Ovidium,
462 779 529 842 quae
551 761 628 825 alios
650 760 809 843 scripsisse
830 757 1003 838 iudicabat,
1034 761 1142 826 eadem
1163 762 1233 846 lage

169 865 306 947 secans),
333 855 366 947 in
386 862 530 928 Iuvenale
555 865 740 930 Ribbeckius
772 865 946 946 effecerunt.
992 866 1059 949 Ego
1082 866 1109 930 si
1135 865 1181 931 ita
1200 866 1232 931 in

169 971 353 1051 scriptorum
382 971 520 1033 veterum
553 971 692 1053 operibus
725 971 910 1055 refingendis
944 972 976 1035 et
1009 971 1233 1054 amplificandis

171 1073 432 1156 interpolatorum
452 1075 610 1141 licentiam
637 1080 809 1160 grassatam
841 1095 908 1142 esse
935 1077 995 1141 aut>
1017 1076 1149 1159 grassari
1178 1096 1234 1159 po·

172 1183 267 1245 tuisse
290 1179 460 1258 crederem,
490 1201 615 1246 omnem
639 1201 743 1247 eorum
772 1184 930 1247 contextus
953 1182 1162 1246 constituendi
1183 1201 1234 1246 co·

172 1277 294 1353 natum‘
317 1285 520 1350 abiiciendum
551 1288 706 1368 putarem;
740 1307 819 1353 nunc
850 1288 915 1352 haec
941 1287 1062 1352 somnia
1088 1287 1234 1370 lususque

171 1394 238 1457 arte
260 1393 364 1477 nostre
386 1411 494 1474 parum
516 1393 625 1476 dignos
646 1394 756 1459 iudico.

256 1498 405 1580 Exposui,
440 1516 506 1580 quae
534 1501 639 1564 essent
666 1487 789 1564 summa
820 1498 851 1561 et
877 1497 1029 1580 praecipua
1056 1496 1234 1561 mendorum

171 1605 204 1668 in
226 1591 381 1668 codicibus
410 1605 550 1668 veterum
579 1605 761 1686 scriptorum
784 1621 899 1688 genera
920 1604 952 1667 et
974 1603 1089 1680 fontes,
1122 1604 1237 1667 totam-

174 1729 231 1791 que
258 1710 338 1774 hanc
372 1728 450 1793 verae
481 1702 637 1793 scriptura
672 1711 919 1792 depravationem
956 1709 1076 1774 ostendi
1104 1710 1148 1774 sic
1177 1729 1236 1774 non

171 1815 273 1880 solum
296 1815 438 1881 aetatibus
461 1818 493 1882 et
519 1817 648 1900 ingeniis
677 1819 708 1882 et
734 1815 907 1881 condicione
940 1814 1151 1889 librariorum,
1184 1815 1238 1880 sed

173 1923 270 1992 etiam
295 1922 480 2004 scriptorum
497 1942 609 2006 genere
633 1925 664 1987 et
690 1923 790 1988 forma
815 1922 941 2004 ipsaque
965 1920 1087 1985 fortuna
1115 1921 1238 1999 variari,

174 2030 212 2092 ut
233 2029 272 2093 ad
294 2031 412 2093 rectum
435 2028 573 2092 codicum
594 2048 684 2094 usum
706 2027 738 2091 in
760 2028 890 2112 singulis
915 2026 1121 2107 scriptoribus,
1135 2044 1239 2091 eorum

175 2135 376 2218 proprietates
410 2136 442 2198 et
472 2135 553 2199 bona
585 2135 617 2198 ct
655 2133 739 2199 mala
775 2132 965 2217 exquirenda,
997 2132 1239 2216 aesbmendaque

173 2239 249 2304 sint.
286 2239 340 2326 ,Ac
361 2239 423 2304 iarn
446 2240 473 2304 si
500 2240 567 2321 quis
590 2240 726 2322 quaerat,
741 2278 746 2294 ι
760 2238 834 2320 quid
868 2257 904 2303 ex
921 2238 986 2304 bac
1016 2237 1241 2320 depravationis

176 2346 324 2410 universae
352 2343 525 2426 cognitione
546 2343 652 2426 profici
679 2343 720 2406 ad
748 2343 848 2426 ipsam
871 2344 970 2408 artem
993 2342 1134 2408 criticam
1155 2363 1242 2408 exor-

172 2449 305 2536 cendam
327 2449 533 2530 maximeque,
560 2447 597 2512 de
620 2467 678 2530 quo
701 2448 750 2512 hio
771 2449 886 2532 agitur,
917 2450 956 2513 ad
977 2449 1098 2512 rectum
1120 2449 1241 2514 coniec-

176 2556 254 2619 turae
276 2573 365 2618 usum
387 2556 504 2635 putem,
527 2554 589 2619 scio
612 2553 749 2637 dicoque,
772 2555 824 2637 qui
838 2555 960 2619 errandi
973 2573 1086 2638 genera
1100 2555 1241 2620 universe

173 2661 273 2737 norit,
295 2678 392 2743 neque
413 2659 481 2725 ideo
503 2662 573 2736 aut,
595 2658 648 2723 nbi
670 2659 711 2723 sit
733 2662 883 2739 erratum,
905 2661 982 2726 scire
1004 2661 1059 2743 (-
1080 2680 1153 2726 nam
1167 2681 1241 2747 om-

176 2767 228 2830 nia
255 2767 325 2842 illa,
359 2785 426 2848 quoe
456 2768 604 2848 tanquam
634 2768 774 2848 exempla
800 2767 887 2848 posui
915 2768 1027 2831 menda
1057 2769 1088 2832 et
1117 2768 1240 2844 correxi,

176 2872 327 2936 sermonis
350 2873 381 2935 et
402 2891 504 2935 rerum
528 2872 657 2937 scicntia
681 2874 712 2937 et
738 2876 823 2938 'recta
840 2872 1012 2937 vsententiaa
1041 2872 1241 2954 exquisitione

177 2977 363 3060 deprehendi
376 2983 427 3054 -)
450 2980 513 3056 aut,
535 2979 695 3060 quomodo,
717 2998 814 3061 neque
837 2979 1021 3044 emendandi
1037 2979 1119 3043 viam
1140 2979 1242 3061 ipsam

178 3086 304 3159 teuere;
336 3083 391 3147 sed
416 3083 586 3153 instructus
614 3085 672 3149 erit
699 3086 738 3149 ad
765 3085 961 3170 quaerendum
990 3084 1144 3166 sciatque,
1175 3103 1242 3167 quae

179 3190 293 3255 tentari
321 3189 440 3272 possint
469 3189 674 3273 debeantque,
707 3192 878 3274 poteritque
886 3195 897 3267 ,'
923 3190 997 3272 quid
1024 3190 1179 3274 probabile
1202 3189 1245 3254 sit

176 3298 337 3373 accidisse,
360 3295 433 3379 quid
455 3314 516 3359 non
539 3295 589 3370 sit,
612 3295 774 3372 aestimare,
797 3297 948 3362 modoad
971 3296 1052 3361 lrunc
1065 3294 1244 3361 universum

66 3394 68 3399 ’
181 3402 403 3486 depravationis
424 3400 616 3464 intellectum
637 3401 784 3467 adiecerit
804 3404 891 3467 illam
912 3403 1038 3485 propriae
1061 3403 1244 3485 scriptorum

180 3507 311 3573 fortunae
344 3507 564 3591 cognitionem,
599 3524 659 3588 qua
690 3507 917 3587 probabilitatis
948 3508 1096 3573 iudicium
1130 3508 1244 3573 certius

22 3682 25 3689 ,
120 3614 123 3620 ’
181 3613 299 3696 regitur
321 3616 366 3690 et,
399 3612 450 3695 qui
472 3612 514 3676 sit
535 3612 566 3676 in
590 3615 768 3694 unoquoque
792 3613 938 3696 scriptore
959 3613 1136 3678 coniecturae
1158 3633 1244 3692 usus,

179 3737 248 3800 quae
290 3718 442 3796 condicio,
485 3716 687 3804 constituitur.
750 3719 891 3783 Aliorum
933 3720 1015 3784 enim
1050 3719 1245 3801 scriptorum,

178 3816 310 3906 quoium
339 3824 411 3889 libri
441 3823 510 3889 inde
537 3808 575 3888 ab
605 3822 737 3905 antiquis
759 3825 946 3907 temporibus
968 3810 1122 3907 perpetuis
1145 3825 1246 3889 bomi-

180 3949 258 3993 num
285 3929 395 3994 studiis
429 3915 575 3994 celebrati
611 3931 711 4006 sunt,
732 3929 887 3994 codicibus
914 3932 979 3994 tam
1007 3929 1140 4011 antiquis
1175 3930 1247 3993 dili-

178 4036 350 4118 genterque
379 4036 500 4118 scriptis
524 4037 659 4113 utimur,
689 4035 837 4118 tantaque
866 4034 905 4100 ad
927 4035 1044 4100 codices
1072 4035 1249 4119 adiungitur
