2580 4530
152 278 214 342 406
573 283 633 341 uu.
651 285 703 342 111.

211 481 278 545 Ibd.
307 480 474 565 ρ.’219Ι)
505 481 714 548 scribendum:
750 476 992 567 Ἐννοήσωμεν
1018 476 1083 569 γα“ρ
1114 467 1169 548 σκί-

109 584 205 648 τισσί·
228 582 329 650 ὅταν
345 576 452 670 (vulgo
468 582 559 670 ὃοίν)
581 592 632 662 τίς
653 617 684 655 τι
708 592 785 674 napi
808 591 937 656 πολλου
953 591 1093 674 ποιηται
1108 638 1115 652 .
1130 642 1135 653 .
1149 633 1168 660 .,

109 685 129 753 ὁ
152 685 193 774 δη
216 693 369 766 τοιοῦτος
391 719 418 759 κ.
441 720 469 758 τ.
493 697 534 781 λ.
845 750 848 754 .
949 681 950 684 ¹

209 798 277 887 Ibo.
306 821 335 882 p.
358 801 418 862 220
440 801 485 865 D:
515 791 594 884 'Ap'
616 796 703 867 οὕτω
728 805 855 887 πέφυκέ
875 828 912 868 τε
941 803 995 867 καὶ
1024 803 1170 885 φιλεῖται

111 896 270 989 τοίγαθόν
293 900 347 972 διαί
377 903 416 972 ‘co'
446 904 550 974 ιιαιιόν
576 903 635 992 ὑφ’
663 902 784 992 ἡμῶν,
820 910 889 973 τῶν
909 903 1039 992 μεταξυ
1062 904 1169 973 ὄντων

111 1011 173 1077 τοὺ
196 1015 301 1078 aanor)
323 1039 360 1078 τε
376 1016 431 1079 καὶ
447 1008 617 1101 τοῖγαθοῦ,
640 1008 725 1081 ariao
749 1016 783 1080 δὲ·
805 1016 929 1081 ἑαυτοῦ
949 1024 1048 1080 ἕνεκα
1072 1007 1171 1080 ουδε-

108 1113 196 1210 μίαν
218 1121 333 1205 χρείαν
356 1129 440 1207 ἔχεις
462 1121 664 1186 Scribendum
679 1122 814 1187 videtur:
837 1122 906 1187 τών
919 1115 1049 1205 μεταξυ
1063 1117 1171 1204 ὄντων

110 1233 229 1290 ἕνεκα
252 1229 322 1292 του·
337 1229 444 1294 aanor}
465 1254 503 1292 τε
525 1231 580 1293 καὶ
603 1223 773 1314 τοίγαθού.
820 1228 930 1312 Neque
951 1229 1034 1293 euim
1055 1246 1171 1312 praepo·

110 1332 182 1397 sitio
202 1334 234 1396 in
257 1319 403 1416 primaria
426 1335 582 1400 sententia
605 1335 686 1399 sumi
707 1354 743 1399 ex
764 1334 909 1400 adiuncta
930 1336 1041 1418 potest.

208 1439 276 1503 Ibd.
297 1460 325 1522 p.
349 1440 408 1501 221
432 1439 476 1502 D:
505 1434 532 1504 ·ὁ“
559 1442 591 1506 δὲ
620 1438 659 1507 τό
688 1436 857 1525 πρότερον
884 1428 1043 1528 ἐλέγομεν
1072 1442 1172 1526 φίλον

110 1542 210 1619 εἶναι,
234 1541 344 1618 ὕθλος
359 1572 410 1619 τις
424 1537 480 1631 ἦν,
504 1543 616 1632 ὥσπερ
634 1549 767 1631 ποίημα
786 1545 920 1632 μακρόν
935 1548 1170 1634 συγκείμενον.

108 1649 194 1715 Nihil
216 1652 299 1736 longi
321 1651 438 1717 dictum
460 1655 538 1730 erat
558 1674 654 1738 noque
675 1655 801 1738 longum
822 1671 932 1736 poema
952 1674 1007 1736 por
1028 1673 1063 1720 ao
1084 1655 1171 1735 inep-

108 1757 178 1820 tum
198 1759 260 1837 ost;
286 1759 499 1843 ignavissimo
517 1762 661 1838 abundat
681 1761 915 1848 συγκείμενον.
963 1761 1056 1825 Latet
1082 1759 1171 1845 longo

108 1862 192 1927 uliud
215 1866 247 1930 et
268 1866 452 1950 elegantius:
475 1859 587 1950 ὥσπερ
611 1869 744 1951 ποίημα
767 1862 910 1954 Κρόνῳ
934 1866 1170 1952 συγκείμενον.

110 1968 235 2036 Saturni
255 1991 366 2037 nomon
391 1992 449 2057 qno
480 1974 648 2080 poptinaat
675 1975 872 2041 notissimum
898 1975 970 2067 ost¹
1007 1973 1172 2069 Gominato

107 2102 159 2160 μα
180 2081 288 2144 natum
312 2082 361 2145 est
380 2105 552 2167 μακρονῳ,
573 2083 640 2147 tum
664 2108 687 2166 ῳ
710 2081 876 2147 sublatum.

208 2185 398 2270 Euthydem.
419 2206 447 2270 p.
462 2189 519 2258 271
534 2187 571 2253 C:
592 2183 700 2254 τούτω
721 2181 786 2273 γα’ρ
809 2193 906 2252 εὀτον
928 2185 1052 2271 κομιδῇ
1076 2210 1173 2269 παμ-

108 2281 218 2373 μοίχοι,
252 2286 293 2356 ου
318 2288 402 2358 κατιί
425 2292 471 2358 τοί
501 2288 694 2378 Ἀκαρνᾶνε
725 2296 911 2381 ἐγενέσθην
939 2289 984 2356 τοί
1016 2317 1173 2378 παγκρα-

110 2392 230 2460 τιασταί
254 2381 399 2484 diatoni.
451 2400 504 2465 'Sio
534 2389 593 2466 duo
625 2401 736 2483 optimi
767 2400 887 2486 oodioos
920 2398 1111 2478 (011116)
1142 2401 1174 2463 et

109 2501 222 2571 tertius
246 2511 296 2583 (r),
320 2508 371 2590 qui
392 2507 456 2571 illis
478 2507 510 2570 in
529 2507 646 2589 aliquot
666 2506 796 2592 dialogis
818 2506 972 2571 interdum
987 2505 1172 2590 adiungitur.

111 2605 213 2687 Catari
241 2612 389 2687 omittunt
419 2617 606 2699 ἐγενέσθην
614 2641 625 2691 ,·
649 2615 741 2697 quod,
756 2615 951 2678 Hermannus
978 2613 1069 2696 longo
1101 2612 1173 2676 hino

112 2717 284 2799 transponit
305 2720 375 2802 post
394 2713 579 2807 μάχεσθαι.
613 2719 814 2785 Soribondum
836 2738 897 2783 una
910 2718 1017 2783 littora
1035 2717 1172 2782 mutata:

109 2814 152 2886 οὐ
175 2820 286 2888 καθσί
310 2819 355 2891 τοί
378 2819 569 2912 Ἀκαρνᾶυα
587 2830 772 2912 ἐγενέσθην
787 2818 996 2915 (παμμάχῳ),
1020 2818 1064 2888 τοί
1083 2849 1173 2908 σιαγ-

110 2930 295 3013 κρατιαοτιί
321 2928 464 3020 αδελφοί.

212 3039 279 3104 Ibd.
301 3060 330 3122 p.
356 3042 414 3100 271
439 3041 485 3105 D:
519 3033 626 3108 τουτον
655 3041 689 3107 δὲ
717 3040 854 3122 πρῶτον
879 3042 944 3120 μὲν
972 3036 1017 3122 τῷ
1042 3029 1172 3119 σοίματι

110 3140 295 3211 δεινοτάτω
330 3142 428 3213 ἐστον
462 3127 662 3235 κιιίίμοίχη,
696 3134 719 3233 ᾗ
752 3139 891 3210 πάντων
923 3151 992 3208 ε”στι
1026 3155 1172 3226 κρατεῖν.

109 3251 206 3317 Onon.
223 3256 262 3318 ,ot
286 3255 317 3321 Θ
338 3255 487 3344 omittunt
515 3261 593 3320 ἔστι.
643 3253 845 3318 Scribondum
872 3250 966 3334 igitur
986 3249 1122 3315 videtur:
1151 3242 1174 3332 ἢ

108 3355 252 3425 πάντων
275 3374 425 3445 κρατεῖ.

210 3468 276 3531 Ibd.
299 3488 327 3549 p.
351 3468 411 3530 278
433 3465 472 3531 C:
501 3461 539 3532 τιί
566 3467 600 3532 δὲ
622 3459 709 3550 μετοί
733 3464 841 3529 ταῦτα
864 3461 968 3545 δῆλον
990 3456 1041 3526 ὅτι
1064 3456 1172 3527 τούτω

111 3577 152 3637 τὲ
174 3599 225 3639 σοι
249 3568 339 3640 αὐτοί
363 3568 404 3638 τοί
434 3574 602 3640 σπουδαῖα
631 3573 846 3645 ἐνδείξεσθον
874 3569 929 3631 καὶ
952 3562 1015 3652 tyni
1038 3561 1174 3653 υφηγή-

111 3705 216 3762 σομαι
249 3675 369 3747 αὐτοῖν
402 3707 432 3746 κ.
468 3707 497 3747 τ.
525 3684 552 3746 λ.
605 3678 655 3743 Sic
677 3674 883 3751 scribendum
920 3673 1025 3758 vulgo:
1064 3670 1172 3741 τούτω

114 3792 153 3874 γε’
175 3813 238 3852 σοι.
262 3789 322 3873 (De
343 3789 478 3872 proximo
502 3782 736 3861 ἐπιδείξασθαι
752 3780 910 3878 'monitum
930 3799 960 3862 p.
984 3779 1108 3860 1141.)

213 3894 279 3960 Ibd.
302 3916 332 3977 p.
356 3896 415 3957 281
440 3896 484 3958 A:
512 3884 591 3978 ‘Ap’
613 3880 675 3956 οὖν
699 3938 707 3952 .
731 3937 738 3951 .
763 3935 771 3952 .
794 3881 833 3952 τό
859 3878 973 3971 ὀρθῶς
995 3884 1078 3950 πᾶσι
1101 3899 1173 3958 τοῖς

112 3994 281 4074 τοιοτίτοις
308 4004 458 4088 χρῆσθαι
491 3991 662 4082 ἐπιστήμη
693 3986 737 4076 ηἰι
765 3988 941 4081 η’γσυμὲνη
965 3995 1019 4057 καὶ
1050 4017 1174 4075 κατορ-

114 4103 229 4174 θσὺοκ
251 4103 316 4193 την
338 4111 479 4193 κρεῖξινς
516 4105 732 4188 Imperfectum
763 4119 894 4184 pravum
924 4118 978 4182 pro
1009 4099 1171 4181 praesonti;
