2580 4530
211 244 272 308 306
633 243 693 325 usu.
712 244 764 299 111.

170 446 338 528 σφετέρων
374 434 481 518 ξύλων
519 433 618 508 ἐόντα
648 443 772 526 πειρᾶν
806 445 840 505 εἰι
873 439 941 505 σῶν
971 433 1120 525 βάθρων
1148 433 1232 506 α’να-

137 612 143 619 ,
171 551 272 616 oudo.
317 549 414 641 Origo
441 547 550 612 erroris
584 551 616 614 et
643 537 757 614 'deinde
784 548 1026 629 interpolationis
1058 540 1233 630 (αποπεμ-

171 646 576 743 φθέωσι-ἀπικόμενοι)
611 656 642 719 in
671 656 768 720 altera
798 653 886 737 parte
923 655 1089 719 sententiae
1109 654 1169 719 fuit
1201 659 1238 718 οἵ

169 783 223 848 pro
245 759 298 830 οἶα
322 762 393 826 onte
414 770 519 827 vocem
543 761 582 825 an
601 786 621 824 α
643 759 843 843 incipientem
864 760 1021 842 scriptum.
1085 754 1087 758 ’

256 868 308 946 ,V‚
330 869 381 944 92,
405 869 438 931 2:
461 858 506 952 ἦν
521 859 695 954 ὀλιγαρχίη
712 868 766 931 καὶ
790 854 881 931 οὗτοι
898 858 1089 951 Βακχιάδαι
1114 860 1233 932 καλεό-

141 974 142 980 *
169 1001 270 1059 μενοι
300 983 425 1056 ἔνεμον
452 969 517 1058 τήν
543 966 655 1066 πόλιν.
707 972 802 1037 Scrib.
826 973 879 1038 uui
903 977 941 1038 oi
963 967 1153 1058 Βακχιάδαι
1177 1000 1234 1038 κα-

171 1077 341 1166 λεόμενοι,
363 1081 421 1145 nisi
443 1082 534 1146 malis
557 1085 596 1145 σι’
619 1075 713 1144 τότε
735 1081 841 1165 Βακχ.

269 1191 323 1272 VJ,
344 1189 419 1250 102:
442 1179 682 1271 χειρωσάμενοι
707 1185 741 1250 δὲ
756 1179 820 1270 τήν
834 1178 1015 1267 Ἐρετριάν
1031 1187 1076 1265 (αἱ
1089 1183 1233 1266 Πέρσαι)

172 1297 225 1360 καὶ
264 1286 460 1378 ἐπισχόντες
493 1287 611 1378 ὀλίγας
643 1286 792 1377 ἡμέρας,
834 1293 958 1356 ἔπλεον
991 1296 1024 1363 ἐς
1063 1289 1130 1375 γῆν
1170 1284 1235 1372 τήν

170 1393 337 1484 Ἀττικήν
359 1401 594 1485 κατε-ργέονιές
626 1425 661 1463 σε
685 1391 816 1462 πολλόν
844 1397 899 1462 καὶ
930 1397 1104 1468 δοκέοντες
1125 1388 1233 1460 cadro?

170 1501 253 1580 σούς
293 1500 509 1590 Ἀθηναίους
544 1496 713 1589 ποιήσειν,
748 1498 789 1569 σοι’
827 1505 881 1569 καὶ
922 1497 1003 1576 σούς
1041 1497 1235 1586 Ἐρετριέας

171 1613 348 1697 ἐποίησαν.
400 1612 542 1676 Haeretur
569 1613 608 1688 ,et
644 1611 710 1675 iure
749 1610 883 1674 haeretur
919 1609 951 1673 in
987 1613 1235 1697 uocepys'ovceg,

171 1721 252 1805 quod
274 1718 327 1803 qui
347 1720 527 1801 comparant
555 1737 625 1782 cum
653 1716 788 1800 Thucyd.
817 1715 876 1790 VI,
899 1717 934 1792 6,
955 1703 993 1791 sd,
1022 1735 1121 1800 nequo
1143 1736 1234 1782 aceu-

171 1826 305 1892 sativum
325 1824 370 1889 ibi
392 1823 532 1888 additum
555 1822 663 1886 curant
684 1840 783 1904 neque
804 1821 1056 1888 animadvertunt
1077 1824 1234 1907 significa·

130 1941 132 1944 ‘
171 1932 286 1998 tionem
324 1928 404 1995 bello
431 1927 591 2012 premendi
619 1929 651 1993 et
689 1926 839 2011 fatigandi
875 1928 913 1992 ab
935 1928 1078 1994 hocloco
1102 1929 1235 1994 alienam

171 2057 247 2103 esse.
289 2034 469 2102 Festinandi
491 2032 674 2118 significatio
695 2032 768 2097 ferri
788 2035 900 2116 potest,
924 2034 978 2099 sed
1005 2034 1105 2118 aptior·
1132 2036 1172 2100 ad
1193 2036 1234 2113 id,

171 2145 252 2229 quod
298 2141 490 2224 adiungitur,
536 2138 661 2223 superbi
709 2139 922 2224 contemptus,
962 2159 1056 2224 eaque
1102 2141 1236 2206 efficitur

171 2235 331 2314 lenissima
383 2246 567 2311 mutatione:
607 2237 892 2330 καταγνόντες
935 2272 972 2311 ce
1011 2243 1141 2313 πολλὸν
1180 2249 1233 2317 καὶ

172 2356 346 2424 δοκέοντες
368 2378 396 2416 ιι.
420 2379 447 2416 τ.
471 2354 500 2416 λ.
645 2343 650 2351 ’

271 2461 356 2538 VIII,
394 2459 454 2519 119
491 2457 649 2541 Pingelius
676 2477 726 2522 me
755 2458 875 2523 monuit
895 2458 1046 2524 minorem
1075 2459 1139 2524 fore
1168 2478 1236 2524 ora·

170 2569 263 2632 tionis
287 2587 305 2631 a
326 2565 467 2650 legitima
487 2565 584 2628 forma
607 2564 840 2629 declinationem
864 2566 898 2647 et
921 2565 1097 2637 faciliorem,
1120 2565 1148 2630 si
1171 2566 1235 2637 κως

170 2693 225 2755 pro
251 2669 336 2744 ὅκως
357 2671 455 2754 posito
483 2671 601 2734 rectam
632 2670 905 2754 interrogationem
933 2671 1138 2736 effecerimus:
1167 2673 1236 2737 τῶν

172 2763 361 2862 δ”ἐρεσέων
391 2823 398 2837 .
423 2819 431 2835 ·
455 2826 460 2836 .
485 2775 548 2847 ιιώς
576 2769 637 2841 οὐκ
665 2769 708 2841 ἄν
736 2777 811 2842 ἴσον
834 2775 972 2862 πλῆθος
996 2824 1003 2840 .
1028 2822 1036 2838 .
1060 2828 1067 2843 .
1099 2778 1234 2861 ἐξέβαλε

172 2894 205 2959 ἐς
225 2881 289 2970 τήν
310 2879 507 2959 «toilonum
538 2885 574 2948 ut
600 2902 637 2947 ex
667 2883 783 2948 duabus
814 2884 973 2949 sententiae
995 2883 1133 2968 partibus
1154 2885 1237 2965 prior

171 2987 360 3070 appositione
387 2987 571 3072 adiungatur
603 2989 642 3053 ad
670 2984 720 3073 μή
749 2983 810 3056 οὐκ
843 2984 886 3056 ἄν
919 2991 1058 3074 ποιῆσαι
1091 2982 1234 3066 τοιόνδε,

168 3093 269 3158 altera
290 3111 344 3174 per
360 3111 392 3156 so
413 3086 554 3176 ponatdt.

271 3199 407 3262 Transeo
442 3201 480 3264 ad
502 3202 623 3266 Atticos
646 3202 737 3267 etad
759 3203 981 3287 Thucydidem,
1001 3203 1033 3267 in
1056 3221 1114 3284 quo
1127 3203 1236 3266 -multo

171 3306 261 3388 plura
286 3305 412 3369 tentavi.
466 3304 587 3370 Accidit
614 3309 733 3381 tamen,
767 3309 824 3395 ut„
844 3327 914 3372 oum
945 3312 1133 3390 postremum
1164 3327 1235 3373 eum

172 3411 316 3495 legerem,
338 3411 403 3474 haec
425 3408 568 3475 orationis
590 3413 809 3477 constituendae
831 3415 862 3477 et
884 3415 987 3478 omnia
1008 3413 1141 3477 rimandi
1163 3433 1236 3479 cura

174 3535 192 3579 a
215 3515 339 3579 secundi
372 3515 442 3579 libri
463 3514 550 3578 initio
574 3507 667 3580 otiam
690 3517 780 3599 paulo
802 3517 948 3581 intentior
969 3519 1066 3597 fieret,
1089 3540 1181 3603 quam
1203 3522 1235 3586 iu

175 3620 278 3702 aliqua
297 3621 389 3701 primi
409 3622 496 3703 parte
518 3619 628 3686 fuerat.
673 3620 735 3685 Sed
754 3621 817 3685 iam
829 3621 951 3704 singula
972 3629 1235 3711 persequamur.¹)

174 3820 371 3828 m—

201 3949 223 4018 ¹)
241 3949 312 4002 Usus
329 3965 388 4004 sum
407 3951 503 4019 prator
522 3948 657 4019 Poppouis
679 3948 776 4019 copias,
795 3948 843 4002 ubi
862 3965 906 4006 eas
923 3951 1068 4006 adhibendi
1091 3959 1235 4014 necessitas

244 4042 301 4096 risa
310 4043 363 4109 est,
380 4041 509 4133 Bellero
527 4041 663 4111 Kruegero
676 4042 736 4110 (II),
749 4040 885 4098 Classonio
898 4043 926 4099 in
940 4044 1027 4098 tribus
1036 4034 1131 4113 primis
1146 4050 1236 4108 libris.
