2580 4530
574 295 633 353 Lib.
651 297 675 351 1.
1055 299 1114 363 123

83 497 216 572 soleant,
243 494 333 560 nihili
353 484 504 562 metentes
527 515 583 561 sua
603 498 738 580 ipsorum
758 498 883 563 inventa
912 500 960 565 vel
981 499 1101 564 traditae
1122 501 1155 564 in

82 601 244 667 codicibus
265 600 426 684 scriptura
448 602 671 668 substituerent
689 605 748 682 vel,
771 605 851 687 quod
874 623 932 670 non
952 607 1154 676 rarefactum

83 726 154 772 asse
176 707 364 786 noverimus,
387 708 464 773 locis
486 707 622 787 deiectis,
639 728 712 793 quos
732 710 942 794 redintegrare
963 715 1154 789 conarentur,

82 814 267 880 inferrent.“
315 815 415 879 Addit
442 814 551 879 deinde
571 815 632 879 alia
651 815 689 880 de
713 816 964 899 „interpolatione
990 818 1029 882 ab
1050 818 1154 883 histri·

83 922 195 986 onibus
224 921 354 1003 aliisque
383 921 539 985 veteribus
570 921 848 986 versificatoribus“
877 924 1025 1011 prolecta.
1079 924 1155 987 Haec

84 1045 142 1110 ego
164 1025 273 1090 omnia
292 1026 350 1091 boo
371 1029 447 1102 loco,
469 1025 520 1090 ubi
541 1046 611 1090 moa
632 1046 789 1109 exponere,
813 1046 873 1092 non
896 1027 996 1093 aliena
1016 1027 1154 1093 refellere

82 1134 163 1198 mibi
208 1132 368 1215 proposui,
412 1150 474 1196 non
514 1132 634 1215 copiose
676 1133 918 1217 argumentando
960 1135 1153 1218 oppugnabo3

82 1240 212 1303 tantum
233 1237 345 1315 dicam,
368 1257 436 1303 esse
452 1256 524 1302 sane
538 1239 676 1315 vulnera,
698 1240 809 1322 quibus
824 1241 967 1307 tollendis
983 1241 1156 1306 coniectura

82 1344 228 1409 codicum
255 1344 397 1429 vestigiis
423 1332 569 1410 insistens
591 1365 651 1411 non
675 1346 824 1424 sufficiat,
847 1347 901 1411 sed
922 1346 1040 1411 nullam
1056 1332 1155 1411 'aliern

83 1470 164 1529 esse,
190 1470 258 1534 quae
280 1451 347 1516 iure
371 1453 403 1514 et
423 1451 541 1516 utiliter
562 1451 591 1516 ei
622 1452 839 1527 substituatur;
872 1471 942 1517 nam
964 1453 1081 1535 reliqua
1101 1451 1156 1516 illu

82 1558 188 1623 omnis
216 1557 384 1640 disputatio
420 1557 460 1622 ad
493 1557 649 1623 licentiam
671 1560 702 1622 et
728 1556 935 1622 temeritatem
963 1560 1094 1624 ab·arte
1124 1559 1156 1622 et

81 1664 218 1729 scientia
238 1663 480 1728 semotissimam
499 1664 531 1728 in
552 1667 672 1730 nostras
693 1665 812 1728 litteras
832 1664 1036 1728 invehendam
1063 1665 1095 1727 et
1115 1663 1156 1728 ad

82 1769 258 1854 perdendos
287 1772 409 1836 veteres
436 1770 599 1853 scriptores
626 1771 769 1853 pertinet.
833 1769 914 1833 Nam
942 1772 972 1833 et
998 1770 1156 1854 tinguntur

81 1875 217 1940 licenter
245 1876 301 1941 illa
330 1876 368 1941 de
394 1877 664 1960 interpolatoribus
694 1878 727 1941 et
753 1874 1011 1941 versificatoribus
1039 1878 1093 1940 aut
1119 1894 1156 1940 ex

81 1982 230 2047 tenuibus
253 1981 437 2065 quibusdam
460 1982 644 2047 scholiorum
663 1983 906 2048 annotationibus
929 1981 1155 2046 ultramodum

83 2088 318 2170 amplificantur
340 2092 373 2153 et
395 2089 624 2172 exaggerantur,
647 2091 678 2152 et
699 2072 895 2153 manifestum
919 2089 975 2165 est,
998 2089 1024 2152 si
1044 2088 1090 2151 ita
1108 2087 1156 2152 illi

82 2194 321 2276 interpolatores
341 2194 528 2278 tragicorum
559 2194 678 2259 fabulas
700 2195 798 2260 aliave
820 2196 933 2277 scriptu
954 2213 1007 2277 pro
1029 2194 1159 2260 arbitrio

82 2304 273 2378 mutassent,
317 2300 496 2378 senuissent,
539 2303 709 2379 auxissent,
746 2300 823 2365 nihil
858 2302 897 2366 ad
931 2301 1019 2364 illam
1052 2301 1154 2366 labem

80 2408 258 2472 tollendam
291 2409 322 2471 et
357 2408 670 2493 amissayreparanda
702 2407 892 2490 profuturam
922 2426 988 2471 esse
1020 2406 1154 2487 similem

80 2516 198 2578 nostrae
221 2514 322 2578 aetatis
344 2515 516 2591 hominum,
549 2533 615 2596 quae
639 2508 835 2595 ,quacuntpue
865 2513 901 2577 de
928 2532 1020 2577 eausa
1049 2512 1156 2595 displi-

81 2622 222 2692 cerent‘,
271 2620 398 2684 tollendi
434 2622 465 2683 et
506 2621 537 2684 in
574 2621 635 2684 alia
672 2619 775 2684 omnia
809 2620 947 2683 vertendi
985 2619 1155 2683 licentiam.

82 2728 198 2809 Itaque
222 2745 288 2808 quae
309 2727 341 2789 in
363 2728 507 2792 historica
528 2727 587 2790 fide
608 2727 709 2808 posita
729 2727 820 2802 sunt,
851 2745 900 2803 ea,
929 2725 981 2789 ubi
1006 2726 1156 2791 1111111-

81 2837 179 2916 rupta
202 2832 382 2897 testimonia
405 2835 514 2898 desunt
536 2835 568 2898 et
589 2833 702 2896 indicia
724 2851 757 2895 ex
779 2831 926 2913 corruptis
948 2831 1156 2896 verisimiliter

82 2941 193 3016 ducta,
222 2941 275 3003 aut
302 2938 500 3020 relinquenda
532 2958 587 3020 pro
609 2937 734 3002 incertis
762 2938 834 3000 sunt
861 2940 917 3000 aut
945 2938 1009 3001 sine
1031 2939 1156 3001 restitu-

82 3047 184 3110 tionis
207 3045 316 3108 conatu
339 3044 518 3124 simpliciter
539 3044 721 3127 damnanda.
772 3043 804 3107 Si
832 3043 900 3126 quis
922 3043 981 3108 sibi
1012 3043 1156 3126 privatim

83 3157 117 3216 et
143 3169 252 3215 coram
279 3150 347 3213 aliis
371 3151 494 3232 lingere,
524 3159 591 3233 quae
613 3150 751 3214 accidere
784 3150 953 3232 potuerint,
982 3140 1064 3222 vult,
1096 3165 1155 3210 norr

83 3255 263 3332 intercedo,
295 3255 386 3319 modo
416 3255 492 3341 fingi
520 3257 575 3320 illa
602 3254 792 3320 confiteatur
812 3275 869 3321 neo
895 3271 1018 3338 prorsus
1041 3251 1157 3332 impro-

84 3362 208 3427 babilia
229 3361 336 3445 fingat.
389 3361 469 3427 Nam
493 3362 569 3425 milri
591 3361 728 3443 quidem,
758 3362 810 3445 qui
839 3364 887 3444 (ut
914 3362 970 3424 hoc
999 3359 1080 3433 utar)
1102 3376 1156 3439 pro

84 3467 268 3532 huiusmodi
303 3486 408 3533 versu:
442 3469 555 3550 δεινῆς
588 3461 764 3540 δἰἶπλοίας
808 3459 1015 3548 πνευμάτων
1050 3456 1078 3526 τ’
1115 3458 1158 3526 ov'

86 3569 269 3660 τυγχάνων
291 3574 407 3654 (Eurip.
429 3574 528 3658 Iphig.
551 3574 642 3637 Taur.
664 3573 713 3649 15)
735 3574 815 3637 huno
839 3569 1013 3637 substituit:
1047 3562 1157 3654 τυχών

86 3674 271 3752 δ’ἅπλοίας
307 3673 514 3763 πνευμάτων
548 3678 667 3742 δεινῶν
698 3679 758 3761 βίᾳ
792 3678 865 3758 (non
901 3673 1065 3750 Dindorfii,
1102 3673 1156 3737 sed

86 3789 169 3855 alius
199 3786 352 3870 ingeniosi
378 3787 411 3850 et
443 3785 524 3849 docti
555 3785 686 3848 hominis
718 3785 775 3847 hoe
802 3781 960 3843 inventurn
992 3782 1067 3857 est),
1097 3796 1157 3840 non

86 3898 144 3960 hoc
166 3893 228 3958 sibi
250 3891 442 3975 proposuisse
463 3891 593 3968 videtur,
616 3894 651 3953 ut
672 3906 792 3953 versum
814 3887 853 3949 ab
867 3883 1010 3966 Euripide
1024 3883 1157 3964 positum

87 4001 247 4082 reperiret,
270 3997 325 4062 sed
346 3999 382 4060 ut
403 3997 587 4061 sententiam
611 3994 739 4059 eandem
764 4010 820 4055 sua
840 3991 955 4085 ratione
985 3990 1017 4053 et
1037 3989 1103 4053 arte
1124 3988 1157 4052 in

86 4124 211 4170 versum
256 4102 433 4166 includeret.
498 4103 701 4165 Revertamur
740 4096 835 4180 igitur
872 4097 910 4161 ad
955 4098 1158 4161 coniecturam
