2580 4530
541 299 602 356 Lib.
619 298 668 357 IV.
1018 298 1077 364 50'1

166 498 234 565 [bd.
275 500 331 564 94:
376 513 447 573 τοῖς
485 500 519 566 δὲ
560 499 679 565 παισίν
719 497 883 585 ἐπιφοράς
915 493 1126 589 ’ταγμυτικάς

59 603 236 692 α’πένειμε
258 600 343 671 κατά
366 602 447 680 τοάς
476 608 545 672 τάν
566 609 720 689 πατέρων
754 602 1012 694 συλλογισμούς.
1056 607 1125 693 Syl-

62 713 196 798 legiami
217 713 250 777 in
268 713 327 777 hae
348 731 381 778 re
404 711 481 778 nihil
506 712 659 780 habebant
678 712 746 791 leci,
779 713 833 779 aed
855 714 1125 802 συλλοχισμοί

63 819 250 902 (seeundum
293 819 412 896 laeum,
456 837 547 901 quem
588 819 621 883 in
661 818 816 902 eopiarnm
857 821 993 887 numeria
1034 823 1125 886 tenu-

59 926 178 1010 erant).
865 942 870 947 ·

164 1032 231 1098 Ibd
278 1031 336 1096 95:
381 1030 513 1114 Κρίνας
549 1030 583 1096 δὲ
627 1034 681 1098 ἐπὶ
729 1025 854 1117 ταάτης
898 1027 978 1104 τοάς
1023 1026 1125 1116 ὅρους

63 1140 199 1205 θέσθαι
236 1138 298 1222 τῆς
335 1136 519 1220 στρατείας.
574 1137 746 1203 Pronomen
772 1139 893 1205 omnino
928 1155 986 1202 non
1012 1137 1123 1214 babet,

61 1263 125 1329 que
147 1245 306 1310 referatur.
349 1243 442 1309 Latet
463 1244 519 1308 dai
542 1244 596 1328 τῷ
617 1237 777 1312 Ὑπάνι.
813 1246 931 1329 (Itaque
959 1244 1009 1310 hie
1038 1245 1123 1309 leena

61 1369 159 1434 enpra
193 1351 246 1416 lib.
276 1351 292 1416 Ι
320 1350 386 1415 e.3
413 1348 486 1433 peni
514 1348 680 1430 debuerat.)
723 1351 840 1416 Eodem
875 1350 974 1434 eapite
999 1350 1123 1415 inferius

61 1459 136 1543 pest
160 1461 274 1538 πεζοῖς
294 1459 359 1542 μὲν
381 1455 571 1541 δισμυρίοις
598 1458 653 1523 καί
681 1456 964 1543 πεντακισχιλίοις
996 1455 1123 1522 excidit:

63 1564 248 1629 ἱππεῦσι
272 1562 314 1628 δὲ
335 1563 413 1642 (dee)
434 1562 625 1649 pedibas-¹)

165 1669 233 1735 Ibd.
274 1670 348 1734 102:
392 1663 457 1755 τήν
499 1673 564 1752 μὲν
616 1663 780 1753 στρατιάν
820 1671 1024 1753 προσέταξεν
1067 1670 1122 1733 ἐπὶ

64 1769 126 1843 τόν
149 1769 311 1862 ποταμόν
332 1767 580 1864 άντιπαράγειν
594 1789 669 1851 ταῖς
683 1776 812 1844 ναυσίν.
844 1774 1026 1841 Necessarie
1048 1775 1124 1842 seri·

62 1882 220 1950 bendum:
241 1878 353 1968 παρά
375 1876 437 1948 τόν
459 1877 627 1968 ποταμόν.

164 1989 232 2065 Ιοᾱ,
267 1988 342 2053 105:
380 1985 553 2073 δρομάδας
600 1984 774 2074 καμήλους
810 1987 865 2054 καί
898 1979 941 2052 τά
974 2011 1123 2070 νωτοφο-

63 2107 136 2177 ρεῑν
169 2088 317 2161 εἰωθότα
340 2094 407 2161 τῶν
429 2094 583 2180 φορτίων.
628 2094 744 2161 Sariba
773 2094 840 2162 τάν
862 2084 981 2173 ζάων.
1025 2092 1123 2160 Omne

63 2218 162 2286 genna
184 2199 385 2285 significatur.
414 2199 495 2284 [Iam
516 2201 760 2286 Weseelingiua]

164 2305 234 2370 Ibd.
265 2305 345 2370 106:
373 2301 425 2371 ὅτι
457 2306 577 2372 πολλοὶ
610 2307 678 2372 τῶν
703 2309 825 2393 βιαίως
846 2309 900 2374 καί
922 2302 1124 2393 άβριστικάς

66 2415 278 2500 κεχρημένων
319 2425 395 2485 ταῖς
436 2412 600 2489 ἐξουσίαις
643 2407 956 2500 παρανενομηκασι.
1010 2413 1124 2480 Miram

64 2537 135 2584 vero
158 2516 366 2601 partitionem.
409 2521 547 2604 Apparet
568 2521 694 2605 requiri:
718 2518 770 2588 ὅτι
792 2522 912 2587 πολλοὶ
933 2518 1054 2606 pilelas
1069 2570 1076 2584 .
1091 2564 1123 2583 ..

66 2625 324 2710 κεχρημένοι.
357 2625 417 2691 Sed
438 2625 566 2692 fortasse
588 2629 657 2710 pest
678 2628 745 2694 τῶν
766 2627 878 2693 ereidit
898 2626 1124 2693 substantivum

63 2732 145 2809 (τῶν
168 2722 353 2816 άρχάντυν,
381 2734 450 2797 τάν
471 2725 652 2818 ἐπάρχων),
686 2734 793 2799 deinde
814 2734 853 2799 ad
875 2733 954 2806 τάν,
976 2731 1055 2816 quod
1075 2752 1125 2798 re·

63 2837 180 2914 stabat,
202 2855 295 2920 prave
316 2839 562 2904 aeeommedatua
585 2842 633 2905 eet
655 2837 808 2923 participii
829 2856 926 2904 easus.

163 2942 231 3026 Ibd.
266 2943 340 3008 110:
382 2945 567 3029 καταμίξας
598 2945 632 3011 δὲ
664 2938 809 3018 τοτ’τους
842 2956 912 3017 τοῖς
945 2937 1124 3030 προάπάρ·

63 3069 157 3135 χσνσι
190 3042 409 3133 στρατιώταις
435 3053 478 3140 τῇ
502 3045 673 3135 καινότητι
703 3052 765 3135 της
792 3053 1013 3134 καινοτομίας
1042 3076 1123 3116 κατ-

65 3151 227 3222 εσκεάασε
265 3149 329 3240 την
360 3153 445 3241 ὅλην
483 3151 631 3242 δύναμιν
671 3161 880 3243 κεκραμένην
928 3158 981 3223 καὶ
1017 3150 1123 3241 άρμό-

64 3265 192 3341 ζουσαν
212 3262 255 3350 τῇ
278 3263 346 3349 ἰδίη
363 3266 565 3347 προαιρέσει.
609 3264 723 3331 scrib:
753 3266 795 3352 κη’
816 3259 1036 3348 καινότητι
1064 3265 1124 3348 της

66 3370 296 3454 καινοτομίας.
329 3369 431 3435 Medio
456 3372 554 3455 eapite
576 3375 682 3450 (τέλος
709 3373 742 3438 δὲ
765 3370 974 3456 προσμείνας
996 3365 1123 3456 ἡμέρας
1224 3423 1225 3426 ,

65 3469 232 3557 άνέζευξε)
254 3476 366 3542 excidit
385 3496 529 3544 numerus
551 3479 679 3544 dierum.

166 3583 235 3648 Ibd.
270 3584 345 3647 115:
374 3576 479 3657 αάτάς
516 3584 550 3650 δὲ
582 3579 663 3656 τσάς
695 3577 927 3669 άρχιτέκτονας
955 3576 1124 3668 άθροίσιις

67 3691 122 3756 καὶ
152 3691 370 3777 λεπτουργάν
402 3692 550 3775 πλῆθος.
594 3689 785 3756 Alieniesimi
815 3689 883 3756 hinc
912 3691 1122 3775 λεπτουρησί.

87 4027 109 4094 ¹)
141 4024 206 4096 Gap.
234 4028 286 4082 100
313 4042 327 4079 e
354 4024 457 4080 duobus
483 4021 619 4079 eedieibna
645 4020 825 4078 eanbendnm:
860 4021 965 4094 ἡμέραν
991 4024 1025 4093 τῇ
1050 4019 1125 4091 μάχη

137 4118 275 4185 τάξαντος
292 4133 340 4189 pre
359 4121 408 4188 τῆς
424 4114 520 4188 μάχης.
1054 4132 1057 4137 ’
