2580 4530
546 109 606 164 Lib.
625 110 677 165 111.
1035 108 1095 176 337

169 307 281 392 Ibd.·’§
296 309 354 370 14:
377 301 677 395 ὑπερβαλλόμενοι
706 315 739 376 σί
766 311 883 397 ἐχθροὶ
904 306 946 379 aa*
970 312 1136 381 δοκοῦντα

81 415 183 479 δίκαια
220 415 310 480 εἶναι
343 407 477 480 α’τοόντα
508 407 616 479 αὐτόν
650 412 832 502 ἐστέρησαν
862 421 926 503 τῆς
959 422 1134 505 πατρίδος.

76 522 176 605 Neque
195 514 481 608 ὑπερβάλλεσθαι
498 516 540 586 τοί
557 520 669 586 δίκαια
691 525 793 605 potest
814 526 987 608 significare
1008 525 1135 610 postu·

74 628 258 693 lationem
281 627 578 710 differraneque
587 618 758 692 Alcibiadis
773 629 940 727 postulatio
952 633 1041 712 (tum,
1064 653 1135 698 cum

72 731 165 798 dilata
186 732 328 813 dicitur,)
349 734 433 798 iusta
454 734 521 798 visa
543 736 605 811 est,
630 742 729 816 nequ'e
750 734 920 800 Alcibiadis
932 736 1006 801 ulla
1028 741 1135 821 postu·

69 838 141 904 latio
176 839 278 907 dilata
309 842 375 918 est,
409 840 464 905 sed
496 826 613 904 reicotn'
638 839 803 921 postulatio
835 840 996 906 decanea
1027 845 1133 909 atatim

68 943 198 1009 dicenda
225 943 434 1028 iudiciumque
456 946 591 1028 primum
613 946 718 1010 contra
747 947 812 1012 eius
842 946 1031 1013 voluntatem
1053 949 1133 1016 ‹lila-

67 1052 146 1124 tnm,
169 1048 283 1114 deinde
304 1053 331 1116 is
352 1050 393 1116 ad
412 1051 445 1116 id
466 1053 632 1117 revocatus.
672 1050 889 1116 Scribonium:
914 1045 1132 1137 ὑπερβαλλό-

66 1181 163 1236 μενοι
207 1157 259 1241 aco
301 1157 503 1223 δοκοῦντι
543 1158 691 1243 δικαίῳ
726 1157 828 1230 εἶναι,
868 1158 969 1240 specie
1005 1160 1131 1228 iustitiae

67 1263 249 1345 superiores.

161 1369 232 1434 Ibd.
257 1371 286 1444 6,
309 1370 346 1430 21
371 1361 580 1455 ἐγειρόμενοι
603 1371 673 1450 post
695 1361 847 1456 α’γκύρας
870 1363 1130 1448 incolomem

65 1474 99 1538 de
122 1476 180 1553 iia,
205 1476 266 1559 qui
280 1474 398 1555 subito,
431 1494 500 1539 cum
522 1477 555 1540 in
576 1479 659 1541 terra
680 1476 879 1558 pranderent,
907 1479 1034 1544 navibus
1056 1500 1130 1551 con-

65 1581 236 1651 scensiaaol
250 1582 495 1665 persequendum
507 1584 706 1665 separarunt,
728 1581 807 1646 nihil
828 1584 884 1648 eat.
929 1583 1129 1651 Scribendum

64 1686 205 1752 ridetur:
251 1682 541 1772 ἐνειρόμενσι,
584 1706 683 1753 remos
725 1688 933 1771 rudentesque
975 1692 1128 1774 aptantes.

64 1786 262 1880 l’Avor'yeeo,
286 1795 367 1878 quod
387 1813 449 1860 non
471 1795 554 1858 recte
567 1793 600 1858 in
614 1793 719 1858 lexicis
735 1794 903 1876 exponitur,
924 1813 983 1860 usu
1005 1797 1128 1862 nautico

63 1898 115 1963 loc
146 1899 219 1965 loco
251 1900 365 1964 dicitur
387 1899 425 1964 de
446 1899 500 1975 iio,
528 1899 641 1982 quiex
668 1900 737 1963 sinu
765 1900 797 1963 ct
823 1900 955 1966 scauono
984 1902 1128 1969 interiore

63 2022 171 2069 navem
206 2004 343 2088 aliquam
372 2004 617 2086 promuntorium
645 2005 821 2071 flectentem
854 2005 887 2069 in
915 2010 1020 2089 aperto
1048 2010 1127 2074 mari

61 2109 238 2192 conspicere
259 2111 424 2194 incipiunt:
456 2111 511 2172 dor
538 2108 641 2195 Soloiff
650 2109 717 2193 foci
738 2111 859 2194 lochen.)

155 2216 226 2281 Ibd.
264 2217 282 2301 ἕ
309 2217 363 2280 33:
408 2216 576 2282 ἐντεῦθεν
608 2212 698 2301 φυγή
732 2220 800 2283 τῶν
833 2220 1126 2306 Πελοποννησίων

59 2325 190 2406 ἐγένετο
225 2328 259 2394 ἐς
281 2323 386 2397 Χίον,
410 2322 580 2387 πλείσταν
603 2323 637 2389 δὲ
669 2326 723 2389 καὶ
757 2330 806 2398 εἰς
828 2320 996 2392 Φώκαιαν.
1045 2328 1125 2394 Mire

58 2428 150 2493 altero
184 2428 254 2494 loco
285 2430 317 2493 in
358 2429 536 2511 exceptione
578 2428 662 2510 (καί)
699 2436 854 2512 ponuntur
887 2438 918 2497 οἱ
957 2436 1122 2500 πλεῖστοι.

58 2531 165 2597 Serio:
192 2536 323 2619 ἐγένετο
346 2543 380 2608 ἐς
407 2537 502 2601 Χίον
534 2534 733 2624 πλείστη,
769 2544 894 2606 τινών
917 2541 951 2604 δὲ
986 2543 1040 2606 καὶ
1075 2547 1124 2614 εἷς

59 2631 226 2704 Φώκαιαν.

150 2747 221 2811 Ibd.
246 2750 274 2823 7,
300 2748 339 2808 26
361 2749 393 2812 et
414 2749 470 2810 27:
505 2739 742 2830 ἦ(ὸ“εδιότες),
771 2745 821 2834 μη
855 2747 915 2837 οὐχ
944 2748 1057 2838 ὑμεῖς,
1082 2751 1122 2819 ὃν

56 2845 92 2910 aa·
111 2847 311 2936 βούλησθε,
335 2847 562 2938 α’ποκτείνητε
593 2857 647 2921 καὶ
672 2855 943 2941 ἐλευθερώσητε,
974 2855 1017 2924 οἷν
1048 2858 1121 2946 (ἢν)

57 2955 136 3023 κατα
160 2955 225 3024 τόν
247 2953 358 3045 νόμον
381 2961 528 3045 κρίνητε,
552 2955 626 3026 αλλ’
648 2956 709 3029 οσίι
734 2957 777 3028 ιίν
800 2959 894 3045 oropo?
917 2960 979 3030 τόν
997 2961 1119 3051 νόμον,

56 3061 161 3149 ὥσπερ
188 3069 397 3143 Καλλίξενος
426 3061 491 3151 τήν
518 3063 653 3152 βουλήν
683 3077 818 3159 ἔπεισεν
851 3075 899 3141 εἰς
922 3064 983 3135 τόν
1008 3072 1120 3156 δῆμον

55 3176 267 3259 εἰσενεγκεῖν,
303 3176 366 3258 μιᾷ
399 3168 522 3260 ψήφῳ,·
563 3169 637 3240 ἄλλ’
671 3180 749 3249 ἴσως
778 3174 823 3242 ἄν
857 3201 933 3241 τινα
968 3179 1022 3243 καί
1057 3173 1118 3243 οιίκ

54 3281 160 3344 αἴτιον
194 3273 456 3353 α’νιοκτείναιτε,
489 3276 721 3366 μεταμελήσει
757 3277 786 3348 (λ’
810 3280 964 3368 ὕστερον.
1019 3284 1117 3348 Prave

53 3390 78 3446 ct
95 3405 165 3449 cum
186 3386 350 3451 sententiae
365 3387 597 3468 perturbatione
611 3389 668 3454 illa
692 3384 766 3455 αλλ’
789 3384 850 3455 οὐκ
873 3385 918 3454 ἄν
940 3387 1033 3472 oropo?
1056 3383 1118 3453 τόν

54 3485 155 3572 νόμον
178 3491 338 3556 adhaerent
354 3493 572 3573 superioribus,
596 3496 909 3581 manifestissimoque
921 3495 1033 3561 vitiosa
1044 3500 1118 3560 sunt

52 3591 106 3662 οὐκ
129 3593 175 3662 οἶν
195 3605 262 3681 (pro
283 3598 414 3663 talibus:
448 3593 535 3663 α’λλοί
568 3595 624 3685 μη
657 3600 770 3687 παριί
802 3596 864 3668 τόν
887 3594 1018 3686 νόμον).
1065 3602 1115 3665 llli

51 3721 98 3782 per
118 3705 395 3788 interrogationem
418 3705 628 3783 affirmationi,
640 3702 719 3793 pria
738 3709 922 3774 terminatur
941 3709 973 3772 in
993 3709 1111 3773 verbis:

51 3802 90 3870 c‘v
111 3806 196 3874 κατιί
221 3806 285 3875 τόν
308 3803 418 3895 νόμον
440 3812 598 3894 κρίνηται
620 3808 773 3895 (licebit
794 3813 905 3878 vobis
928 3815 1114 3984 leffitima

51 3913 183 3981 iudicii
206 3917 224 3980 f
229 3935 336 3982 orma
357 3918 433 3993 cet.)
458 3917 620 3984 subiicitur
641 3936 678 3983 ex
698 3918 797 3985 altera
817 3922 915 4001 parte,
938 3921 1009 4003 qud
1033 3919 1115 4000 peri·

90 4021 199 4057 lauricii
212 4026 293 4056 Διιπιι.
309 4024 358 4056 cnr,
881 4035 912 4076 ῃ
