2580 4530
224 271 264 333 14
659 269 725 327 Lib.
743 271 765 323 1.

180 469 239 533 sibi
259 466 411 532 trahentis
432 467 489 543 uis,
512 458 564 549 qui
583 465 649 530 fons
672 465 721 529 est
740 465 912 530 uberrimus
933 465 1122 542 mendorum,
1144 467 1246 535 varia-

180 575 272 638 batur
282 572 497 638 multismodis
508 572 627 638 librarii
638 570 799 656 diligentia
810 573 865 637 ant
875 570 1245 653 incuriaacfestinatione,

183 680 313 745 scientia
337 678 486 744 sermonis
508 677 662 743 tolerabili
674 679 728 742 ant
741 677 874 756 inscitia,
898 677 1114 743 exercitatione
1125 679 1248 764 legendi

181 789 235 850 aut
256 785 428 862 insolentia,
449 787 518 850 tum
540 785 633 848 etiam
661 784 792 866 exempli
812 784 960 867 propositi
981 785 1078 848 forma
1101 786 1136 869 et,
1154 786 1246 850 aetate

180 893 349 975 propinqua
376 892 430 956 aut
456 892 583 955 remota.
637 889 719 954 Nam
747 891 783 953 ut
802 889 892 955 facile
914 890 1014 954 scriba
1035 886 1174 970 sequitur
1195 905 1246 950 er-

181 997 317 1080 emplum
340 999 446 1062 eodem
469 996 626 1076 scriptura
647 993 777 1080 genere,
801 1015 860 1079 quo
884 996 952 1078 ipse
969 996 1085 1071 utitur,
1109 993 1245 1057 autnon

180 1102 271 1167 valde
294 1103 436 1168 dissimili
458 1104 642 1179 confectum,
662 1102 716 1177 ita,
739 1101 766 1166 11
781 1102 954 1184 exemplum
967 1102 1147 1183 proponitur
1160 1100 1246 1164 litte-

181 1228 284 1273 rarum
304 1210 401 1274 forma
416 1210 507 1294 longe
524 1208 679 1273 diuersum
695 1209 771 1272 etin
785 1207 948 1290 quoetiam
967 1211 1018 1287 (11
1033 1208 1071 1273 de
1082 1208 1245 1272 verborum

181 1314 375 1396 copulatione
406 1315 527 1397 dicam)
568 1315 668 1378 multa
701 1314 795 1377 verba
830 1315 920 1379 aliter
952 1315 1132 1391 scribantur,
1154 1315 1246 1396 atque

180 1418 246 1503 ipse
269 1421 376 1485 scribit
396 1422 569 1503 scriptaque
587 1421 688 1504 legere
711 1421 791 1484 solet
812 1422 860 1499 (ut
875 1422 910 1484 st
930 1438 984 1501 pro
1007 1418 1083 1495 est,
1106 1418 1244 1500 quoius

180 1543 243 1606 pro-
265 1524 401 1605 cuius),
425 1529 565 1609 apparet,
590 1527 774 1609 quantopere
794 1528 852 1592 hac
872 1527 1034 1593 insolentia
1058 1526 1089 1588 et
1109 1524 1245 1588 novitate

181 1634 329 1715 augeatur
364 1632 484 1697 errandi
517 1632 698 1716 periculum.
755 1631 863 1712 Itaque
892 1647 1064 1711 quanquam
1094 1630 1127 1692 in
1157 1628 1244 1693 libris

181 1738 314 1801 multum
340 1737 488 1804 lectitatis
521 1757 602 1821 saepe
638 1736 835 1803 describendo
865 1735 1089 1818 multiplicatur
1110 1755 1244 1800 errorum

181 1844 299 1908 occasio
338 1844 424 1927 (nam
455 1845 488 1908 in
515 1863 695 1928 unoquoque
729 1843 869 1926 exemplo
905 1840 976 1905 novi
1008 1842 1245 1906 committuntur

181 1951 320 2033 errores),
342 1953 458 2028 tamen,
480 1950 635 2034 quodfere
657 1951 697 2016 ob
725 1949 830 2015 oculos
845 1938 1099 2013 'describentibus
1120 1947 1244 2010 fuerunt

183 2057 323 2139 exempla
343 2076 404 2121 non
430 2055 528 2120 multo
558 2056 730 2139 antiquiora
752 2059 783 2120 et
805 2055 843 2120 ad
863 2053 1029 2139 legendum
1048 2052 1160 2130 facilia,
1182 2072 1242 2117 non

181 2165 304 2245 poterat
322 2165 411 2228 tanta
438 2162 508 2226 oriri
527 2163 662 2227 confusio
677 2165 709 2227 et
722 2163 886 2227 verborum
903 2160 1192 2242 sententiarumque,
1208 2161 1244 2223 ut

181 2266 227 2329 ita
256 2264 372 2344 dicam,
408 2267 595 2349 peremptio,
617 2269 733 2349 quanta
753 2266 785 2330 in
808 2285 843 2332 eo
866 2284 967 2349 opere,
990 2266 1075 2330 cuius
1097 2265 1245 2348 apaucis

180 2371 291 2437 1111111
301 2372 364 2436 fere
374 2372 507 2455 ignorati
517 2372 676 2454 antiquum
688 2371 810 2455 aliquod
821 2370 1148 2453 exemplumplurium
1160 2389 1247 2435 secu-

181 2478 294 2555 lorum,
318 2497 354 2541 111
376 2478 486 2561 angulo
498 2479 598 2560 ahqno
612 2478 804 2560 protractum
818 2477 917 2542 scriba
931 2475 1056 2541 reddere
1076 2478 1201 2541 conaret
1239 2526 1245 2540 .

183 2581 270 2662 Quod
290 2583 379 2666 quale
402 2584 452 2661 sit,
473 2584 505 2649 iu
529 2583 672 2648 Varronis
695 2583 732 2646 111
755 2582 861 2666 lingua
881 2581 991 2646 Latina
1005 2582 1093 2648 libris
1107 2583 1246 2667 intellegi

182 2689 295 2770 potest.
349 2690 390 2754 Et
412 2689 533 2754 accedit
553 2690 707 2755 interdum
731 2688 823 2753 ahud.
876 2683 957 2752 Nam
983 2687 1009 2751 si
1030 2689 1130 2753 multa
1150 2690 1246 2754 inter-

181 2797 336 2876 ponuntur
357 2797 441 2859 extra
461 2796 636 2861 continuam
655 2795 766 2860 seriem
778 2793 931 2870 orationis,
952 2790 1247 2879 relut‘soriptorum,

143 2943 145 2946 ι
182 2901 495 2983 manmepoetarum,
518 2901 705 2979 testimonia,
728 2900 1014 2983 hreviapraesertim
1027 2902 1059 2964 et
1074 2901 1140 2966 sine
1154 2901 1246 2984 plena

184 3007 337 3071 sententia
359 3009 390 3071 11
411 3009 512 3073 verbis
527 3028 636 3091 parum
650 3008 772 3072 usitatis
783 3007 969 3084 intermixta,
991 3008 1164 3072 necessario
1175 3027 1246 3089 per-

181 3115 328 3178 turbatur
349 3114 551 3179 describentis
576 3114 695 3178 animus
718 3114 749 3177 et
769 3112 942 3188 hebetatur,
965 3114 1051 3177 ouius
1073 3115 1134 3191 rei,
1157 3115 1245 3178 utin

184 3220 329 3285 Varronis
350 3210 402 3284 illo
424 3238 525 3299 opere,
548 3220 591 3283 sic
614 3220 645 3283 in
668 3219 826 3293 Athenaeo,
847 3219 879 3282 in
894 3218 1003 3296 Nonio,
1025 3219 1093 3284 aliis
1109 3221 1247 3302 exempla

185 3328 268 3390 sunt.
327 3327 398 3409 Ipsa
419 3326 522 3390 autem
546 3325 695 3400 scribendi
719 3325 877 3410 diligentia
899 3326 931 3389 et
953 3343 1026 3388 cura
1046 3343 1107 3389 non
1128 3325 1247 3390 hbrarii

185 3432 278 3496 modo
320 3451 448 3514 persona
481 3429 676 3504 variabatur,
717 3430 771 3495 sed
802 3431 898 3513 ipsius
931 3430 1087 3514 scriptoris
1122 3450 1246 3514 genere.

185 3536 286 3603 Multo
302 3539 381 3603 enim
404 3536 567 3602 studiosius
595 3537 626 3601 11
647 3538 782 3602 severius
804 3537 974 3620 antiquitus
996 3538 1246 3604 describebantur

185 3661 292 3707 eorum
324 3643 504 3726 scriptorum
537 3641 667 3719 codices,
690 3644 742 3725 qui
763 3645 853 3708 rectae
875 3647 906 3707 et
928 3642 1077 3726 elegantis
1101 3645 1245 3710 orationis

185 3750 324 3814 auctores
356 3751 387 3814 et
417 3769 510 3833 prope
539 3748 651 3833 regulae
682 3748 756 3831 ipsae
781 3750 974 3814 habebantur
1005 3748 1037 3813 et
1067 3746 1098 3809 in
1131 3745 1245 3810 scholis

185 3856 409 3933 tractabantur,
432 3877 522 3940 quam
543 3857 724 3930 oeterorum3
747 3854 852 3938 itaque
869 3857 960 3941 longe
975 3856 1065 3921 aliter
1088 3853 1177 3916 Plato
1194 3855 1247 3916 aut

187 3959 291 4026 Cicero
312 3961 353 4043 (si
373 3982 527 4027 summam
543 3982 609 4028 rem
631 3961 764 4044 spectes)
789 3963 999 4027 scribebantur
1016 3979 1118 4043 quam,
1144 3956 1244 4021 uthis

187 4067 267 4144 utar,
287 4068 444 4134 Plutarchi
467 4069 547 4147 libri,
567 4068 736 4152 prasertim
761 4068 814 4152 qui
834 4068 996 4133 morahum
1016 4066 1139 4132 nomine
1162 4081 1245 4127 com-
