2580 4530
227 247 289 313 386
644 245 704 303 Lib.
723 246 779 308 ΠΙ.

284 445 352 511 Ibd.
372 465 403 528 p.
416 444 516 508 276A
537 446 645 511 verba:
667 445 752 529 ζητῶ
776 445 809 511 δὲ
833 436 878 512 αδ
900 445 933 510 τί
954 441 992 512 τό
1013 443 1102 531 μετιί
1126 447 1226 515 τοῦτο
1233 475 1244 532 3

181 550 313 632 hospitis
335 552 417 629 sunt,
438 570 472 617 se
492 552 593 634 ipsum
616 551 844 647 cemmeventis.

284 656 350 721 Ibd.
373 678 403 740 p.
415 656 514 721 282ss
537 657 569 721 in
591 655 732 722 ecdicum
754 657 914 740 scripture,
936 677 1028 741 quem
1050 658 1245 730 Hermennns

180 762 420 844 transpositione
451 764 533 828 vccis
559 758 666 847 ἥμισυ
693 763 837 845 corrupit,
869 781 930 827 nne
959 763 1069 830 tittere
1097 766 1247 832 mutanda

153 869 246 944 est,
271 871 308 934 ni
333 869 412 933 nihii
440 870 645 935 desideretur:
684 864 732 934 Τό
761 873 826 954 μὲν
855 864 1010 945 ξαντικδν
1046 871 1101 937 καλ
1125 867 1164 937 τό
1188 874 1247 957 τῆς

184 976 393 1059 κερκιστικῆς
414 971 534 1061 ἥμισυ,
563 969 656 1040 καθ’
684 973 756 1042 ὅσα
781 980 846 1060 (pro
867 977 923 1041 καὶ
944 972 1020 1054 ὅσα)
1047 975 1090 1042 τοί
1118 979 1247 1064 ξυγκεί-

178 1106 270 1164 μενα
295 1074 356 1146 οίπ’
377 1073 533 1165 οίλλήλαν
554 1077 725 1168 οίφίστησι,
748 1083 821 1149 παν
841 1083 943 1149 τοῦτο
972 1077 1017 1156 τίς
1042 1077 1083 1148 ἓν
1108 1078 1246 1168 φροίζσιν

181 1188 244 1273 τῆς
265 1214 303 1254 τε
326 1190 588 1274 ταλασιουργίας
610 1189 680 1253 εὀτί
712 1215 793 1264 που,
827 1192 882 1256 καὶ
904 1185 1040 1277 μεγοίλα
1068 1195 1137 1255 τινὲ
1162 1185 1246 1256 κατδ

178 1288 298 1360 πιόντα
321 1289 405 1379 ἡμῖν
426 1291 534 1380 ἤστην
556 1297 667 1379 τέχνα,
701 1290 724 1380 ἦ
763 1290 960 1383 ουγκριτική
982 1321 1020 1361 τε
1042 1296 1097 1360 καί
1121 1295 1247 1378 διακρι·

179 1395 276 1486 τικήε
308 1401 436 1466 dimidia
461 1401 537 1466 ariis
565 1403 775 1486 κερκιστικῆς
796 1422 879 1486 pare,
901 1404 1051 1486 qnatenus
1074 1403 1248 1484 composita

182 1509 316 1590 separet,
339 1527 373 1572 e:
386 1507 513 1572 dimidie
534 1508 589 1573 ille
609 1528 692 1590 pers,
713 1528 781 1592 quse
809 1511 867 1574 eet.
902 1507 981 1586 (Ibd.
1005 1506 1028 1572 C
1049 1507 1248 1574 Hennennns

177 1612 336 1696 praecepit,
357 1614 438 1696 qued
465 1616 536 1679 ente
568 1614 698 1700 triginta
721 1635 815 1681 annes
838 1613 1090 1689 emendarem,
1113 1615 1246 1698 μεθίει-

181 1745 248 1803 μεν
281 1736 335 1802 pre
367 1719 556 1806 μετίωμεν,
589 1721 643 1786 sed
675 1739 735 1784 non
767 1723 850 1784 reete
884 1712 1011 1786 αότόθι
1043 1721 1246 1804 superioribus

177 1823 342 1904 adiunxit.)

279 1930 342 1995 lbd.
361 1951 392 2013 p.
405 1931 505 1996 2841)
527 1932 705 1998 incredibile
727 1934 782 2006 est,
805 1931 837 1994 in
862 1931 1057 2015 apertissime
1077 1932 1246 2015 reciproca·

178 2037 274 2102 tionis
296 2038 395 2121 figura
417 2035 572 2101 neminem
594 2036 708 2102 vidisse
729 2037 924 2103 scribendum
949 2057 1032 2103 esse:
1061 2030 1188 2104 τούτου
1209 2065 1244 2105 τε

177 2139 242 2231 γοίρ
265 2145 342 2227 (τού
363 2144 520 2227 μετρίου)
543 2137 642 2216 ὄντος
664 2150 745 2210 ἐκεῖ
753 2169 821 2210 ναι
843 2150 881 2210 εί
887 2146 923 2209 οὶ
961 2150 1009 2223 (αἱ
1037 2147 1169 2230 τέχναι,
1192 2165 1245 2229 pro

177 2258 288 2315 ἐκεῖνα
324 2257 406 2328 ἔστι)
440 2242 612 2314 κοῖκείνων
638 2243 750 2325 ου’σιόν
782 2259 850 2315 ε”οτι
880 2253 935 2314 καὶ
969 2251 1070 2315 τουτο
1101 2276 1131 2316 κ.
1156 2277 1185 2316 τ.
1212 2254 1241 2316 λ.

176 2358 274 2422 Paule
294 2359 364 2421 ente
387 2356 557 2421 rectissime
576 2355 752 2421 Cernerius:
779 2353 858 2422 Ἔτι
884 2357 919 2420 δὲ
933 2357 1146 2435 (Etiamnunc)
1157 2353 1243 2440 πρός

174 2459 216 2529 τοί
240 2464 303 2529 νυν
326 2464 433 2534 καλῶς
456 2463 510 2526 καλ
534 2462 656 2535 ἱκανῶς
679 2463 882 2528 δείκνυσθαι
906 2464 1001 2528 δοκεῖ
1018 2488 1080 2548 μοι
1091 2467 1242 2549 βοηθεῖν

175 2568 446 2656 μεγαλοπρεπῶς
467 2561 553 2652 ἡμῖν
567 2557 703 2640 adeost
725 2563 836 2654 λόγος.
873 2570 1080 2652 Pervsgatum
1095 2571 1241 2636 mendum

176 2674 416 2754 delucescente
439 2694 498 2756 que
521 2673 584 2738 dixi
607 2692 750 2757 suprep.
774 2675 814 2736 26
837 2694 879 2752 n,
902 2674 980 2738 mire
1001 2673 1184 2743 defenditur.

277 2781 344 2846 Ibd.
356 2802 386 2864 p.
401 2780 459 2843 285
473 2781 498 2844 E
511 2780 708 2845 scribendum
720 2781 783 2846 esi:
797 2775 877 2852 τοός
887 2781 1067 2852 πλείστους
1083 2781 1242 2862 λέληθεν,

174 2882 228 2952 ότι
252 2900 323 2960 τοῖς
344 2890 409 2972 μὲν
430 2889 498 2953 τών
520 2885 629 2953 όντων
651 2887 774 2972 ῥᾳδίας
797 2886 1015 2971 καταμαθεῖν
1031 2889 1120 2958 τινὲς
1142 2880 1243 2970 ὁμοι-

174 2984 296 3076 ότητες
318 2986 524 3078 πεφύκασιν,
546 2989 587 3067 de
609 2986 709 3059 ου’δὲν
733 2988 883 3079 χαλεπόν
906 2993 1033 3076 δηλουν
1058 3040 1065 3056 .
1091 3041 1097 3052 .
1122 3037 1143 3066 ·,
1171 3005 1243 3065 τοῖς

176 3091 268 3165 dead
279 3102 455 3186 μεγίστοις
476 3091 550 3165 οὖσι
649 3094 711 3165 οιίκ
734 3109 826 3166 ἔστιν
848 3101 987 3166 εἴδωλον
1009 3091 1109 3165 ου’δὲν
1130 3123 1161 3163 κ.
1170 3125 1199 3164 τ.
1212 3100 1241 3163 λ.

176 3207 314 3284 sublate,
349 3207 429 3290 qucd
465 3207 641 3272 declarandi
672 3209 867 3272 nauseante
893 3213 982 3280 τινές
1017 3223 1112 3287 prave
1144 3205 1243 3270 ferme

173 3313 367 3396 adscriptum
389 3314 437 3376 est
458 3315 658 3397 αἰσθητικαί
688 3313 760 3394 (hcc
782 3314 865 3377 enim
887 3313 1006 3377 cedices
1028 3312 1158 3386 habent,
1181 3331 1241 3376 nen

174 3423 368 3503 αἰσθηταί).
414 3419 450 3481 ln
479 3418 599 3501 ῥᾳδίας
631 3427 850 3501 καταμαθεῖν
882 3409 1075 3499 πεφύκασιν
1106 3418 1242 3483 brevitas

173 3526 316 3607 quaedem
344 3524 490 3590 erationis
529 3525 577 3588 est
607 3524 697 3600 telis,
730 3526 766 3588 ut
799 3517 992 3606 πεφύκασιν
1025 3524 1179 3608 significet
1210 3526 1242 3589 et

174 3647 241 3694 esse
269 3633 300 3695 in
329 3633 421 3696 rebus
449 3630 519 3694 illas
548 3629 765 3694 similitudines
788 3632 820 3694 et
850 3628 894 3693 sic
914 3630 1032 3706 inesse,
1063 3632 1099 3693 ut
1120 3631 1241 3714 ῥᾳδίας

173 3735 458 3802 animadvertentur
480 3735 582 3811 (facile
604 3741 643 3800 ed
665 3733 996 3817 animadvertendum).
1032 3733 1092 3811 Qui
1113 3737 1241 3821 ῥᾳδίοις

173 3841 373 3922 scripserunt,
396 3831 544 3906 errarunt.
587 3840 669 3905 Nem
697 3843 724 3905 si
754 3841 904 3906 adiectivo
926 3840 1015 3904 Plato
1047 3855 1121 3902 usus
1147 3842 1238 3919 esset,

173 3936 282 4027 ῥᾴδιοι
305 3948 485 4030 scripsisset,
508 3948 546 4011 de
569 3940 758 4031 ὁμοιότησι,
781 3967 841 4012 nen
863 3946 901 4011 de
923 3947 1022 4011 rebus.

274 4050 339 4116 Ibd.
351 4073 381 4135 p.
404 4053 518 4118 2863:
547 4045 683 4139 Τανίτης
705 4080 742 4120 τε
767 4048 828 4139 οιίχ
851 4048 973 4136 ἥκιστα
1002 4043 1112 4133 αὐτῆς
1140 4061 1239 4120 ἕνεκα
