2580 4530
583 277 643 334 nn.
660 272 712 337 nn
1073 247 1135 347 ris
1165 312 1166 321 ι

111 494 170 542 non
192 476 276 541 reete
296 475 529 559 interponuntur
551 466 729 563 φύλαρχοι,
759 478 812 556 ut,
837 478 864 543 si
896 479 991 545 verba
1011 479 1178 562 sequimur,

113 583 255 648 oreontur
276 581 316 646 ad
335 582 470 667 hoplites
490 581 654 667 regendos;
677 583 738 648 ulio
761 583 1020 668 enimpronomen
1041 577 1177 659 τούτοις

111 679 315 774 (φυλάρχους
347 678 376 754 δ
406 677 452 754 ού
468 680 621 771 τούτοις)
648 687 755 754 referri
789 689 904 772 nequit.
965 690 1040 771 Quae
1072 693 1178 759 autem

110 794 176 878 ipse
199 796 232 860 et
253 793 328 859 alibi
342 795 375 859 et
387 794 419 858 in
431 794 609 878 praefatione
623 794 787 860 voluminis
801 793 857 860 hos
877 794 972 861 libros
994 796 1177 864 continentis

107 921 138 986 p.
160 899 209 965 XI
230 900 271 966 sd
294 899 511 966 difficultatem
533 898 703 966 tollendam
723 900 900 984 proposuit,
927 899 1095 971 admodum
1116 902 1178 967 im·

106 1004 279 1089 probabilia
300 1006 380 1072 suut.
416 1004 531 1071 'Omnis
560 1023 650 1070 error·
667 1025 702 1070 on
724 1024 759 1070 eo
786 1006 870 1071 ortus
892 1007 955 1093 oet,
983 1006 1077 1087 quod,
1107 1026 1177 1075 oum

109 1112 199 1178 Plato
220 1112 354 1195 primum
378 1109 415 1175 de
436 1111 571 1176 universi
593 1099 740 1178 exereitus
762 1111 923 1196 praefeotis,
946 1110 1016 1175 dein
1031 1111 1069 1177 de
1090 1112 1176 1195 pen·

106 1219 193 1297 tum,
234 1218 390 1300 postremo
413 1216 456 1282 ‘de
493 1217 631 1301 equitum
670 1217 812 1291 dixisset,
848 1216 959 1301 uliquis
993 1216 1099 1307 initio³
1116 1217 1254 1313 100030,χῇΙ

105 1328 150 1407 (p.
164 1323 263 1388 755E
286 1315 571 1408 χειροτονούντων
593 1324 641 1401 δὲ)
660 1322 759 1389 omnis
782 1324 903 1407 generis
924 1323 1082 1408 praefeotos
1105 1312 1271 1417 oong‘ssjf'szju

107 1430 240 1496 iunctim
270 1429 422 1495 nominari
454 1429 566 1496 debere
586 1430 716 1514 putavit.
766 1430 874 1512 Itaque
908 1419 978 1512 post
1011 1431 1176 1512 praetorum

106 1537 187 1615 (τῶν
224 1535 434 1622 στρατηγῶν)
476 1537 663 1602 mentionem
698 1534 830 1601 inseruit
872 1536 928 1602 καὶ
972 1528 1175 1622 ἱππάρχους,

106 1641 217 1708 deinde
239 1642 279 1709 <io
300 1655 372 1716 τοῖς
395 1636 577 1728 φυλάρχοις
601 1641 719 1725 aliquot
747 1642 839 1707 rerba
870 1659 906 1707 ox
936 1640 1079 1727 inferiore
1107 1643 1175 1708 loeo

106 1747 167 1815 huo
186 1748 358 1814 transtulit.
391 1747 459 1813 nnis
479 1747 596 1814 duobus
619 1747 759 1822 sublatis,
778 1747 830 1812 ³his
853 1766 909 1813 sne
929 1746 1003 1813 sede
1023 1749 1175 1831 repositis,

106 1854 190 1920 totns
211 1854 296 1921 10000
318 1853 532 1938 aptissimenin
547 1854 702 1927 decurret:
724 1845 1009 1940 χειροτονούντων
1030 1855 1064 1920 δὲ
1076 1879 1176 1939 στρα-

107 1956 233 2049 τηχούς
252 1964 319 2046 μὲν
340 1954 481 2036 πάντες,
503 1954 700 2047 ταξιάρχους
722 1961 756 2028 or
779 1965 810 2026 οἱ
828 1950 898 2044 ’τῶν
924 1955 1053 2026 άσπλδα
1077 1965 1174 2027 τιθέ-

105 2093 207 2154 μενοι
216 2115 228 2168 .’
263 2069 373 2153 ψιλῶν
401 2067 436 2133 δὲ
464 2063 486 2152 ἡ
520 2069 666 2144 τοξοτῶν
693 2115 700 2131 .
732 2121 738 2134 .
769 2116 776 2131 .
804 2058 978 2154 ἡγεμόνας
1007 2073 1043 2135 ὀἱ
1072 2092 1175 2152 στρα-

106 2175 204 2262 τιχχολ
230 2180 363 2248 ἑαυτοῖς
386 2169 635 2242 καθιστάντων.
681 2168 879 2261 Ἶππάρχων
903 2167 950 2255 .δή
973 2165 1175 2249 κατάστασις

107 2274 151 2346 άυ
182 2275 269 2366 ἡμῖν
296 2286 344 2346 ε”τι
378 2275 482 2367 λοιπή
509 2281 687 2368 γίγνοιτο.
708 2275 882 2354 ’Τούτους
915 2272 989 2357 σύν,
1018 2283 1174 2366 προβαλ-

108 2388 242 2453 λέσθων
345 2381 485 2453 πάντων
508 2388 575 2453 τῶν
598 2381 844 2453 ἱππευόντων·
868 2371 1111 2474 Φυλάρχους
1133 2387 1174 2455 δὲ

107 2485 160 2560 αύ
182 2487 351 2567 τούτοις
374 2496 458 2559 πάν
487 2491 531 2560 τό
564 2491 746 2561 ἱππικόν
774 2496 989 2579 αἱρείσθω.
1045 2488 1118 2569 Τάς
1140 2494 1175 2561 δὲ

106 2592 383 2685 άμφιοβιχτήσεις
404 2603 471 2668 τῶν
493 2603 716 2688 χειροτονιῶν
731 2623 758 2666 ιι.
775 2629 812 2668 τ.
834 2604 864 2667 λ.

208 2705 275 2771 lbd.
303 2726 333 2788 p.
357 2710 415 2772 757
439 2711 483 2773 A:
514 2707 631 2775 δούλοι
658 2707 723 2795 γάρ
756 2704 801 2775 άν
830 2709 885 2776 ναλ
914 2702 1076 2774 δεσπόται
1112 2700 1173 2774 σύν

106 2809 149 2879 άν
172 2838 254 2878 ποτε
278 2811 431 2900 χὲυσινιο
458 2811 561 2894 φίλοι,
584 2807 660 2881 ούδλ
684 2821 721 2881 ἐν
741 2817 829 2888 ἴσαις
844 2828 960 2901 τιμαῖς
977 2809 1175 2901 διαχορευό-

106 2945 207 3003 μενοι
238 2921 361 3003 φαῶλσι
391 2918 445 2983 κοιλ
475 2919 665 2985 σπουδαῖοι.
713 2921 842 2986 Prorsus
864 2920 1032 2986 absurdum
1057 2920 1174 3007 διαχο-

108 3021 272 3110 ρεύεσθαι
300 3026 357 3093 hoo
378 3027 454 3092 1000.
498 3024 579 3089 Son:
603 3018 966 3109 διαπορευόμενοι
989 3025 1035 3102 (in
1063 3026 1173 3096 iisdem

108 3133 272 3200 honoribus
293 3130 470 3197 incedentes
492 3129 524 3194 et
546 3132 708 3210 viventes).

207 3237 275 3304 lbd.
307 3257 338 3320 p.
369 3236 428 3296 761
464 3235 488 3301 (λ
515 3236 621 3302 scrin:
645 3238 784 3302 ποιῶσιν
799 3259 813 3297 ἰ
838 3286 876 3300 ..
905 3239 938 3302 οἵ
962 3239 1005 3302 τά
1034 3239 1072 3302 τί
1104 3262 1173 3304 που

109 3348 175 3426 (pro
197 3346 231 3408 εἴ
249 3344 283 3407 τί
305 3349 386 3422 που)
410 3339 510 3415 άλσος
532 3337 554 3427 ἢ
578 3346 720 3427 τέμενος
740 3335 808 3434 ff„
833 3392 840 3406 .
865 3392 879 3408 ..
896 3345 1055 3429 κοσμῶσι.
1130 3421 1133 3429 ¹

124 3460 126 3465 '
209 3442 277 3516 lou
299 3471 330 3534 p.
363 3449 471 3513 tion
498 3449 538 3514 ad
570 3451 668 3516 totum
695 3451 854 3517 sententiae
886 3451 1017 3529 formem
1049 3432 1174 3534 expedi-

109 3556 220 3620 endam
243 3575 304 3621 uns
325 3554 475 3639 particula
505 3550 528 3640 ἢ
551 3559 621 3621 ante
649 3559 780 3624 λείπων
807 3557 946 3625 tollenda
967 3558 1029 3633 est,
1051 3559 1087 3622 ut
1107 3557 1173 3623 haeo

108 3661 152 3726 sic
173 3662 401 3728 continuentur:
431 3663 597 3730 τελευτῶν
625 3664 659 3730 δὲ
688 3666 741 3730 uui
771 3657 903 3737 πόλεως
937 3714 944 3729 .
973 3713 980 3728 .
1005 3711 1012 3728 .
1041 3662 1173 3728 λείπειν

109 3769 200 3856 φυχῇ
221 3762 287 3852 τήν
308 3762 412 3835 πόλιν
433 3771 625 3855 (προτιμῶν
658 3783 825 3855 φανεῖται,
847 3771 904 3836 1100
925 3769 1006 3834 enim
1029 3769 1173 3846 auditur).

108 3872 169 3938 Sed
190 3876 223 3941 in
244 3875 308 3940 hin:
343 3872 403 3943 ἐάν
425 3870 618 3943 α’νάστατον
640 3871 773 3964 α’νάχιιη
796 3876 956 3960 φαίνηται
979 3862 1173 3963 γίγνεσθαι,

108 3982 191 4066 πρὶν
224 3984 356 4049 ἐθέλειν
379 3977 532 4050 δούλειον
554 3979 771 4069 ύπομιίνασα
791 3977 895 4067 ζυγόν
912 3979 1080 4069 ἄρχεσθαι
1102 3975 1172 4047 ύπό

107 4084 269 4174 χειρόνων
290 4089 439 4156 barbarus
461 4091 510 4155 est
531 4091 735 4156 nominativus
766 4083 996 4174 inoportunum
1018 4085 1173 4172 quonium,
