2580 4530
588 244 649 301 Lib.
666 247 714 303 IV.
1077 246 1137 307 519

109 439 224 512 αὐτόν
245 437 488 530 άπαράσκευον
516 439 601 509 ὄντα
628 443 683 508 ἐπὶ
706 436 772 528 τήν
801 443 869 508 τών
897 446 1062 512 Αἰτωλῶν
1092 471 1180 530 συμ-

110 552 244 638 μαχίαν
275 552 344 629 (ἐπὶ
377 552 420 639 σή
448 599 456 616 .
482 598 494 617 ,.
521 549 766 636 1.,συμμαχιάδ)
788 544 850 614 τόν
872 543 1028 636 πόλεμον
1055 547 1180 620 ἐπανε-

111 662 254 739 λέσθαι,
286 661 326 720 22
347 659 428 736 (19):
461 660 515 724 καί
544 652 606 731 τάς
637 653 864 743 περιβοήτους
890 650 1029 740 πράξεις
1061 665 1180 726 ἕπετον

110 769 232 832 λέσατσ
256 766 444 837 πολιτικοῖς
465 767 532 848 μὲν
547 766 725 849 τελέσμασι
742 764 799 829 καί
814 756 978 846 δυνάμεσι
993 780 1184 849 μικροῖς»

108 864 344 956 μισθοφόροις
366 870 401 936 δὲ
422 915 431 932 .
455 917 463 934 .
486 915 495 932 .
518 874 770 957 παμμεγεθέοι,
794 869 835 930 24
860 870 941 949 (21μ
967 866 1178 958 κατηγορού-

110 1004 219 1063 μενος
232 973 299 1067 γάρ
323 971 402 1042 ιίπό
425 976 506 1043 τῶν
528 968 840 1062 δείνωνθανάτω,
852 975 893 1037 30
906 970 1023 1056 (In-:6
1044 974 1179 1063 ὕπατος

112 1087 168 1152 καὶ
191 1091 233 1151 ἐκ
256 1084 425 1167 πατρῶν
456 1078 604 1171 γεγονοίς
635 1074 680 1168 ήν
711 1073 756 1148 εὖ
789 1081 844 1146 καὶ
877 1075 961 1146 κατά
994 1079 1060 1167 τήν
1095 1081 1178 1160 όυιιν

111 1185 291 1277 εὐπρεπής
320 1193 385 1261 (aut
414 1191 553 1272 πατρῶν
582 1214 652 1275 γεγ.
681 1179 726 1273 ήν
748 1181 896 1274 εὐμενῶν
924 1187 1005 1268 καί),
1032 1191 1073 1252 36
1096 1192 1176 1268 (33)=

112 1301 166 1365 καί
190 1291 587 1381 α’πολονησαμένσις
609 1308 680 1367 τοῖς
702 1296 765 1360 που
778 1296 935 1378 Περσέως
950 1297 1177 1382 πρεσβευταῖς

110 1407 193 1490 περί
212 1408 279 1488 μὲν
299 1404 368 1467 τών
389 1398 500 1468 ἄλλων
522 1394 689 1468 ἀπολύειν
717 1395 825 1468 αι’τόν
846 1395 1066 1488 ἐγκλημάτων
1088 1410 1175 1488 ἔφη,

109 1511 404 1596 πώῶκτλ
1030 1556 1032 1563 .

199 1617 268 1681 Lib.
290 1614 389 1691 XXX,
422 1615 440 1674 5
460 1613 528 1689 (5):
562 1609 656 1690 ὅπως
678 1602 854 1687 ἅπαντας
873 1610 1176 1700 καταπληξάμενος

107 1717 191 1795 τσδς
233 1721 444 1802 δυναμένους
488 1712 812 1786 ἀντιπολιτεύεσθαι
863 1714 1061 1799 καθάπαξ
1108 1726 1174 1810 εἴη

109 1824 225 1913 κόριος
247 1821 383 1910 οἷπάσης
404 1824 467 1908 τῆς
494 1817 683 1916 Ἠπείρου,
720 1826 822 1909 9,(8):
845 1828 919 1899 πώς
950 1822 1014 1914 γάρ
1038 1825 1084 1895 άν
1112 1855 1175 1903 τις

108 1930 181 2002 οὐκ
200 1928 338 2006 εἰκότως
349 1926 506 2014 διαλάβοι
521 1934 552 1995 et
565 1933 656 2015 paulo
667 1934 751 2014 post:
773 1926 819 1996 τό
837 1930 886 2019 γά
895 1958 914 2017 ρ
931 1959 1174 2024 συμπεριενεχ-

107 2044 219 2128 θῆναι
243 2041 327 2105 πᾶσι
348 2053 419 2112 τοῖς
442 2051 571 2120 καιροῖς
593 2031 821 2122 ἁρμοζόντως,
847 2041 993 2124 14(11):
1024 2044 1173 2128 νομίζων

108 2144 228 2222 πολι),
252 2139 303 2211 οὐ
324 2159 396 2218 τοῖς
414 2141 506 2216 ὅλοις
528 2137 937 2231 κρατεῖν-Ῥωμαίους,
962 2149 999 2212 19
1015 2152 1096 2229 (15):

107 2247 284 2340 ἐσώρευον.
328 2253 410 2326 Πῶς
431 2245 493 2317 οο’κ
515 2246 558 2315 ἄν
580 2275 631 2324 τις
653 2249 868 2337 θαυμάσειεν
892 2301 899 2317 .
923 2304 933 2322 .
954 2284 983 2337 .,·

207 2358 275 2423 Lib.
288 2357 406 2436 XXXI,
427 2359 446 2420 3
470 2357 514 2438 (3)
530 2360 598 2440 post
620 2359 717 2422 med:
740 2353 805 2442 τήν
828 2367 864 2426 ἐν
884 2355 970 2449 οἷρχή
992 2385 1175 2445 παρατε-

106 2473 263 2531 θεῖσαν
284 2457 477 2548 οἷπόφαοιν,
512 2463 550 2525 18
574 2465 643 2542 (ll,
666 2466 712 2542 l):
736 2459 891 2533 καθόλου
916 2467 951 2533 δὲ
971 2457 1174 2557 τέταρτον

107 2565 444 2656 α’ντοφθαλμουντος
481 2571 542 2635 σου
570 2571 735 2654 βασιλέως
760 2587 843 2645 ,τοῖς
874 2567 1060 2657 Ῥωμαίοις
1092 2580 1174 2639 ἐνι-

108 2672 238 2746 αυτόν
263 2678 329 2759 (cfr.
352 2678 418 2742 Liv.
451 2676 545 2750 XLV,
568 2677 619 2751 41,
642 2678 688 2755 5),
711 2680 751 2740 47
776 2680 862 2761 (36);
896 2678 1075 2755 ἐπιδεξίοις
1108 2675 1173 2765 γάρ

106 2777 373 2868 θωπεόμασιΧ
385 2784 438 2847 καί
453 2782 658 2867 ψηφίσμασι,
673 2784 713 2846 49
725 2786 806 2863 (38):
829 2779 992 2852 οἷδυνατεῑ
1012 2780 1096 2850 α’πᾶ
1106 2810 1173 2870 ραι

107 2893 168 2979 τῆς
190 2892 259 2956 τῶν
282 2889 441 2955 κυνιδίων
463 2885 697 2974 ἐλαφρότητος.
955 2907 956 2911 ’

209 2998 276 3062 Lib.
309 2996 448 3071 XXXII,
479 2999 498 3056 4
533 2997 593 3072 (4);
630 2997 731 3076 ἔλαβε
764 2990 857 3079 παρά
896 2998 964 3062 τῶν
997 3000 1175 3082 πολεμίων

109 3103 346 3170 ἐθελοντῶν
367 3097 432 3185 τήν
454 3103 515 3185 τής
533 3096 698 3174 Ἑλλάδος
713 3096 920 3187 -ήγεμονίαν,
943 3106 983 3166 24
999 3106 1063 3183 (24)
1071 3127 1080 3176 z
1103 3099 1172 3171 ιίπό

107 3213 170 3277 τοῦ
194 3210 375 3293 Πολυβίου
399 3209 748 3281 ἐπιστατουντος,
771 3214 863 3282 τίνος
885 3217 998 3286 ἕνεκα,
1032 3211 1071 3272 26
1094 3211 1172 3287 (26);

108 3321 212 3403 μέρος
248 3310 310 3382 οὐκ
340 3307 513 3400 ἐλάχιστον
660 3309 991 3400 συμβαλλόμενα
1021 3363 1027 3375 .
1130 3310 1171 3380 τά

110 3420 164 3491 διά
193 3424 257 3507 τῆς
283 3424 351 3488 των
381 3413 669 3505 άποτελεσμάτων
701 3423 821 3506 πείρας
851 3413 1105 3504 νουθετήματα,
1143 3423 1174 3486 et

108 3531 200 3614 paulo
228 3531 313 3613 post:
348 3529 453 3613 χρεῶν
480 3521 724 3602 α’πολιίσεις,
746 3530 785 3590 27
808 3531 874 3611 (27,
900 3532 945 3607 1):
978 3520 1063 3594 κατά
1087 3521 1174 3600 τοός

108 3639 170 3720 τής
193 3629 286 3700 καθ’
309 3629 418 3717 ήμάς
439 3629 574 3717 ήλικίας
597 3632 742 3718 καιρούς.

209 3741 277 3806 Lib.
298 3740 447 3816 XXXIII,
469 3742 486 3802 7
510 3743 552 3819 (5,
575 3741 623 3822 4):
659 3754 731 3814 τοῖς
752 3743 881 3807 ἑαυτῶν
902 3732 1172 3825 παρανομήμασι

110 3849 609 3932 συνεπιχειρστονουντες
641 3841 771 3932 α’λκήν
810 3850 849 3926 (I)
883 3849 917 3912 et
951 3844 1042 3930 paulo
1086 3846 1172 3929 post:

109 3947 196 4038 πρός
218 3945 392 4038 α’λήθειαν
413 3948 535 4035 ήκειν
558 3945 758 4039 συμμάχους
778 3945 1104 4036 α’ποστελλσμὲνους.
