2580 4530
526 279 644 335 muli
1019 281 1077 344 221

185 471 235 550 ὥς
257 473 369 545 αὐτίκῗ
387 476 517 567 ”Apyos
538 472 561 562 ἢ
584 473 623 543 τό
649 478 830 562 Karpates
850 480 954 547 πέδον
992 534 996 539 .

186 585 281 673 τιμῇ
304 588 460 661 καθέξων
481 580 502 671 ἢ
527 579 615 668 apris
642 578 792 670 otperto
811 587 933 672 peston

151 687 208 753 Sie
235 691 332 757 eoelex
353 692 523 757 Medioeus.
566 691 704 756 Primum
729 692 929 758 manifestum
950 694 1007 768 est
1028 684 1121 775 Poly-

58 795 128 861 nisis
156 796 294 861 consilia
313 816 375 864 non
398 817 433 864 eo
459 799 614 881 spectare,
641 800 678 861 ut
703 797 768 880 ipse
797 797 912 880 aliquid
933 797 1040 876 (idem)
1069 796 1123 862 aut

59 901 146 986 mgis
168 904 229 967 aut
251 902 367 969 Thebis
390 903 531 983 efficiat„
549 923 614 981 nee,
643 903 789 988 quiequid
811 904 849 969 de
871 903 1000 986 siugulis
1021 901 1122 967 verbis

59 1008 123 1081 rar,
159 1006 231 1072 haeo
261 1008 321 1073 duo
352 1009 434 1075 inter
467 1029 501 1076 se
528 1009 682 1075 contraria
707 1011 792 1096 τιμῇ
821 1012 972 1083 καθέξων
993 1000 1015 1090 ἢ
1037 1001 1122 1089 πρός

60 1104 208 1196 οὐρανόν
239 1114 354 1200 βιβών
381 1115 421 1180 ad
441 1116 618 1200 Polynioem
638 1115 744 1190 referri
765 1134 863 1199 posse.
912 1114 1007 1179 Reate
1027 1111 1123 1194 igitur

60 1218 253 1283 intellectum
275 1222 324 1284 est
351 1218 518 1304 significari
539 1223 695 1286 certamen
718 1221 798 1287 inter
820 1223 921 1305 Argos
942 1220 1123 1302 Thebasque

60 1327 87 1387 et
106 1325 286 1389 subiectum
307 1325 467 1390 sentemiae
495 1344 562 1392 esse
580 1322 709 1412 ’Ἄργος
730 1327 951 1410 partieipiaque
972 1327 1047 1397 inp.
1060 1324 1119 1389 381
1162 1354 1165 1363 ‹

61 1431 156 1496 neutri
180 1431 304 1514 generis
327 1449 412 1508 esse,
441 1433 476 1496 ut
496 1430 644 1498 haetenus
666 1435 750 1498 reete
770 1434 802 1497 iu
825 1432 928 1498 codiee
949 1450 1009 1497 uno
1031 1430 1122 1495 Pari-

60 1536 149 1601 siensi
184 1536 335 1620 seriptum
369 1537 411 1602 sit
443 1543 606 1616 καθέξον,
640 1539 719 1621 quod
746 1539 919 1621 corruptum
954 1537 1016 1613 est,
1052 1535 1123 1619 quia

59 1645 169 1725 papeia
179 1643 345 1709 masculini
356 1644 477 1727 generis
492 1645 630 1727 speeiem
641 1645 811 1720 ohieoerat;
834 1643 994 1727 Polynices
1006 1642 1121 1706 bellum

60 1750 208 1813 iustruere
224 1747 338 1814 dieitur
350 1768 386 1814 ea
397 1770 450 1834 spe
471 1752 563 1841 atque
576 1769 611 1815 eo
628 1751 764 1828 oonsilio,
785 1755 821 1816 ut
833 1750 910 1834 Argi
924 1749 1045 1814 Thebas
1068 1749 1122 1811 aut

59 1855 169 1918 honore
178 1903 201 1919 ..
213 1857 261 1932 ·(?)
273 1857 328 1920 aut
341 1855 382 1920 ad
391 1857 501 1921 eoelum
510 1875 632 1921 sursum
645 1857 802 1937 extollant.
828 1858 967 1938 Apparet
975 1854 1121 1936 primum,

59 1978 153 2043 neque
176 1978 232 2043 per
259 1980 293 2026 se
324 1960 363 2025 ad
391 1956 501 2026 eoelum
526 1962 658 2027 tollendi
689 1963 803 2033 notioni
827 1963 909 2027 reete
936 1957 1121 2024 eontrarium

58 2066 127 2148 poni
149 2070 320 2151 κατέχειν,
350 2069 382 2132 et
409 2049 488 2133 uooe¹
508 2069 592 2155 τιμῇ
622 2069 751 2146 excludi,
774 2066 917 2151 quiequid
937 2065 1058 2149 proprie
1079 2062 1120 2139 ad

58 2171 223 2255 imperium
252 2173 285 2236 et
311 2171 548 2238 dominationem
580 2173 747 2256 pertineat,
781 2173 890 2239 deinde
923 2191 983 2238 nou
1018 2171 1120 2235 minus

58 2277 223 2342 manifesto
244 2279 344 2342 totam
366 2278 534 2362 imaginem
556 2279 682 2344 luctam
705 2298 772 2345 esse
795 2298 814 2344 a
833 2279 960 2357 trutina,
981 2279 1013 2344 in
1035 2277 1120 2343 euius

57 2384 198 2448 lancibus
220 2385 349 2466 utraque
370 2385 442 2449 urbs
464 2385 621 2468 gloriaque
644 2386 709 2450 eius
723 2386 870 2468 imposita
880 2386 977 2450 altera
988 2385 1118 2449 alteram

58 2490 159 2554 elevet
182 2491 236 2552 aut
261 2488 420 2570 deprimat
465 2490 594 2572 Scripsit
615 2491 780 2573 Sophocles
802 2511 863 2556 una
882 2491 988 2559 littera
1006 2492 1092 2574 plus:

149 2596 234 2681 τιμῇ
258 2598 464 2671 saeratae
485 2593 507 2680 ἢ
531 2592 617 2689 πρὸς
639 2590 789 2679 οὐρανόν
810 2599 933 2682 βιβών.

158 2700 1120 2788 lllevatioetsublatiosummahyperbolieesignifieatmverbis

57 2800 146 2890 πρός
165 2799 322 2890 οὐρανόν.
358 2808 502 2873 Ceterum
524 2810 608 2897 τιμῇ
632 2813 812 2876 καθέλκειν
823 2810 1002 2895 Karpates
1017 2806 1121 2873 πέδον

56 2912 223 2994 Sophocles
250 2914 355 2995 aperte
379 2916 473 2998 (quod
500 2916 532 2980 et
558 2935 594 2979 er
623 2915 740 2981 adieeto
766 2917 851 3005 τιμῇ
873 2916 1064 3007 intellegitur
1085 2915 1117 2977 et

55 3019 136 3102 quod
159 3020 216 3083 hoe
237 3019 369 3102 priorem
389 3022 421 3085 in
444 3041 497 3105 spe
519 3023 550 3086 et
571 3022 710 3104 opinione
722 3022 876 3106 Polynieis
896 3023 999 3086 losum
1020 3021 1118 3095 tenet)

55 3126 196 3210 intellegi
225 3126 324 3190 voluit
345 3126 381 3190 de
403 3128 496 3211 Argis
523 3129 644 3193 Thebas
673 3128 898 3210 superantibus.
949 3125 989 3187 Et
1014 3124 1120 3186 tamen

55 3232 99 3295 sie
121 3232 271 3315 premitur
294 3233 326 3295 et
346 3233 479 3298 subsidit
500 3234 697 3319 Argivorum,
719 3253 780 3298 non
801 3234 1015 3299 Thebanorum
1036 3230 1117 3292 lanx.

55 3336 117 3401 sed
139 3336 255 3401 accidit
275 3339 445 3418 veteribus,
471 3341 507 3404 ut
531 3341 564 3404 in
585 3340 643 3404 hae
666 3340 894 3422 comparatione
918 3338 956 3401 ad
978 3336 1116 3400 homiues

55 3443 177 3525 aliaque
212 3442 249 3506 de
284 3443 457 3527 principatu
490 3447 639 3511 eerbantia
681 3444 893 3521 transferenda
932 3439 1119 3506 confundant

55 3549 153 3613 laneis
175 3552 298 3614 motum
319 3556 353 3614 et
374 3551 506 3616 hominis
528 3552 626 3628 reive3
648 3571 720 3616 nam
745 3554 809 3616 haee
830 3548 1026 3622 extolluntur,
1049 3563 1118 3608 oum

55 3655 124 3718 laun
148 3654 292 3719 subsidit.
323 3654 456 3720 Prorsus
476 3657 581 3721 eodem
605 3658 695 3723 modo
709 3658 813 3723 Cicero
829 3656 881 3719 fin.
903 3657 942 3733 V,
965 3653 1004 3714 92
1027 3649 1117 3713 dixit:

54 3770 199 3824 terram
240 3778 282 3825 ea
319 3761 408 3825 lanx
441 3763 478 3826 et
516 3764 640 3828 maria
684 3761 880 3845 deprimet
920 3759 1116 3838 (καθέλξειμ

53 3867 174 3949 proprie
197 3886 253 3932 suo
275 3864 411 3947 pondere
433 3867 590 3934 elevatura
619 3870 685 3933 erat
713 3860 810 3948 (πρός
838 3858 986 3949 οὐρανόν
1008 3861 1114 3950 βιβᾷ).

54 3971 256 4055 Indidemque
268 3971 398 4038 Ovidius
410 3975 615 4052 metam.Vll‚
631 3975 692 4036 449
705 3973 792 4037 dixit:
812 3971 918 4036 faeta
938 3969 1118 4055 premant
