2580 4530
145 263 207 329 426
519 301 522 323 .
570 258 631 315 nin.
650 259 703 316 III.

106 459 218 527 nddnoi
239 477 340 542 ponne.
378 458 514 524 Prnvnm
528 458 631 524 ¹etinm
653 452 771 543 φήσεις
792 458 825 522 et
843 458 946 540 ipsum
969 462 1001 525 et
1023 461 1166 544 tempore.

106 565 218 651 Agitur
240 565 342 638 enim,
379 563 453 647 quid
476 564 663 630 Adimantus
692 584 773 630 nuno
802 565 891 648 putet
917 567 1003 630 tnno'
1020 565 1170 644 futurum,

106 669 259 757 nonquid
280 672 348 737 tum
369 669 507 736 diotmns
528 670 579 736 nit
615 668 761 736 Mendnm
783 672 832 737 est
851 662 942 736 ineo
966 665 1097 756 φήσεις,
1118 691 1168 756 pro

107 799 166 865 qno
188 775 381 847 scribendum
403 776 510 858 opinor
531 769 734 851 αἀιστιις.

208 882 274 951 lb'd.
306 903 336 967 p.
370 882 430 946 ool
466 882 510 947 D:
559 883 603 948 Τι’
640 882 694 963 (ti,-
738 878 802 967 τήν
837 874 1002 967 τοιαύτην
1039 878 1171 966 (φύσιν)

108 993 278 1080 τυχοῦσαν
320 988 389 1053 τόν
409 984 669 1072 ,προσηκόντων
707 984 988 1075 ἐπιτηδευμάτων
1028 995 1171 1069 (ε’ξσυσιν

110 1094 368 1187 α’μφιοβητὴσοι
392 1094 575 1178 1111ρο11118,
597 1095 743 1177 quoniam
759 1089 801 1160 ου’
822 1095 968 1179 sequitur,
992 1089 1171 1181 φήσουσιν,

105 1207 190 1292 ,φαοᾱ
211 1225 248 1270 ex
268 1202 323 1269 illo
346 1200 489 1278 sumitur)
519 1191 580 1266 οόκ
613 1192 755 1287 α’γαθήν
787 1204 906 1276 τελέως
939 1210 1084 1269 ἔσεσθαι
1120 1206 1171 1270 καὶ

111 1308 315 1399 φιλόσοφον,
346 1309 443 1391 εἴπερ
465 1300 541 1372 τινά
565 1301 693 1390 άλλην,
720 1302 743 1392 ἢ
766 1308 915 1383 ἐκείνους
937 1302 1063 1394 φήσειν
1084 1311 1173 1396 μᾶλ-

111 1424 190 1494 λον,
222 1411 282 1489 οὓς
310 1408 409 1496 ἠθεῖε
440 1405 679 1498 α’φωρίσαμινς
723 1413 856 1480 Reotnm
891 1416 957 1481 erat
994 1404 1173 1500 φήσουσιν,

110 1525 280 1593 infinitivus
307 1520 379 1587 ferri
402 1519 485 1585 nullo
515 1517 605 1584 modo
634 1520 752 1602 potest3
790 1520 930 1587 additum
959 1523 1009 1587 est
1034 1523 1172 1600 verbnm,

111 1652 183 1699 oum
203 1649 265 1696 non
286 1626 518 1710 intellegeretur
539 1624 639 1711 audiri
660 1644 697 1693 ox
718 1626 971 1709 procedentibus.

210 1735 278 1802 lbd.
300 1754 330 1817 p.
353 1733 413 1796 504
434 1731 475 1796 B:
514 1724 701 1818 Ἐλέγομέν
723 1756 804 1807 που,
826 1727 891 1808 ὅτι,
915 1727 959 1806 άς
980 1738 1047 1817 μὲν
1070 1734 1176 1802 ‹tovo-

112 1841 174 1914 τόν
195 1835 240 1930 ἦν
263 1835 424 1908 κάλλιστα
455 1830 542 1906 αὐτοὶ
576 1840 745 1915 κατιδεῖν,
780 1835 866 1923 άλλη
897 1844 1092 1926 μακροτέρα
1124 1844 1174 1926 εἴη

114 1953 292 2039 περίοδος,
333 1943 379 2031 ἢν
416 1941 636 2031 περιελθόντι
664 1945 842 2030 καταφανῆ
881 1947 1043 2033 γίγνοιτο.
1103 1947 1180 2013 Tol·-

112 2061 241 2128 lendum
272 2049 324 2142 ήν,
366 2053 447 2137 qnod
480 2053 512 2118 et
547 2052 825 2119 incommodissime
856 2053 1065 2138 interponitur
1095 2053 1178 2119 inter

113 2164 165 2235 ότι
204 2219 211 2231 .
243 2215 281 2230 ..
315 2165 367 2244 εἴη
403 2179 460 2225 noo
496 2159 618 2225 omnino
655 2158 770 2224 usitate
800 2159 933 2226 --odditur
966 2160 999 2224 in
1038 2159 1099 2225 hoe
1132 2151 1179 2231 οἷς

116 2266 264 2342 δυνατόν
287 2261 463 2334 κάλλισται
492 2263 532 2330 ad
555 2282 592 2329 oa
613 2283 706 2347 quom
726 2264 930 2348 pulchrrime
951 2265 1177 2349 oonspioienda.

115 2381 175 2458 (De
196 2396 227 2461 pe
251 2377 312 2441 505
333 2375 362 2438 A
383 2371 502 2437 dietum
523 2380 665 2457 nnprn'p.
689 2371 754 2454 84.)

214 2468 631 2562 111.1111ρ.515Βρσοσή
646 2470 753 2541 ταότά
777 2479 887 2544 8611113
911 2469 984 2543 onio
1004 2469 1177 2542 αὐτά...

115 2586 155 2658 τά
179 2580 359 2672 παριόντα.
397 2582 457 2649 Sed
480 2598 600 2655 vereor,
625 2600 663 2646 ne
687 2583 771 2648 aliud
792 2585 889 2649 lateat
910 2583 1057 2648 mendum
1080 2581 1177 2663 sonip-

117 2699 249 2780 seritqne
270 2694 376 2760 Plato:
412 2683 475 2756 οόκ
506 2680 594 2753 αότά
621 2682 698 2775 ήγεῑ
722 2683 766 2754 άν
793 2686 833 2755 τά
858 2684 1027 2774 παριόντα
1051 2681 1176 2761 αὐτους

118 2804 269 2889 ιομίζειν
296 2790 480 2884 ὀνομάζειν
510 2788 802 2877 ὀνομάζοντας
834 2791 922 2880 άπερ
946 2790 1074 2884 όρῷενς
1107 2799 1178 2862 aut:

117 2904 312 2994 ὀνομάζειν,
333 2898 515 2991 ὀνομάζειν
537 2896 567 2970 δ’
589 2900 677 2987 άπερ
700 2898 823 2990 όρῴενς

217 3015 284 3082 1111
307 3035 336 3098 p.
359 3013 420 3077 518
442 3012 483 3078 E:
514 3004 537 3095 ἦ
565 3011 683 3078 (11τοὺ
705 3013 869 3095 φρονῆσαι
894 3002 1025 3094 (α’ρετή)
1048 3005 1179 3082 παντός

116 3127 250 3212 μάλλον
271 3124 450 3204 θειοτέρου
470 3115 566 3192 τινός
587 3113 764 3205 τυγχάνει,
796 3112 840 3190 οἷς
863 3125 989 3189 ἔοικεν,
1018 3107 1128 3193 οὖσα,
1160 3109 1180 3181 ό

117 3229 182 3316 τήν
202 3236 267 3318 μὲν
282 3223 431 3311 δύναμιν
446 3222 609 3293 οόδέτσστι
625 3218 827 3300 άτιόλλυσιν,
849 3218 918 3290 όυό
942 3225 976 3289 δὲ
999 3224 1062 3306 τής
1084 3246 1180 3307 περι-

118 3339 252 3426 αγωγῆς
279 3362 308 3401 κ.
330 3361 360 3399 τ.
385 3338 412 3399 t.
465 3333 574 3418 Neque
605 3328 737 3406 παντός
762 3335 898 3418 μάλλον
926 3329 1014 3395 initio
1045 3329 1179 3413 positum

117 3446 201 3511 rente
222 3441 414 3525 ooniungitun
435 3457 506 3505 oum
536 3433 581 3513 σός
609 3448 719 3505 ε’ὀικεν
747 3441 780 3505 et
806 3441 911 3522 operto
937 3436 977 3501 ad
998 3438 1179 3520 θειοτέρου

118 3545 212 3624 τινός
238 3549 282 3626 (in
311 3546 369 3611 hac
391 3543 537 3610 orationis
559 3543 678 3609 forma:
711 3539 734 3628 ή
759 3539 863 3628 α’ρετή
886 3545 1065 3628 θειοτέρου
1087 3535 1180 3614 τινός

119 3661 222 3730 ἐστιν)
243 3653 434 3719 desideretur
455 3648 691 3714 substantivum.
736 3650 839 3719 Plato,
868 3649 900 3712 ni
921 3649 1020 3726 fallor,
1045 3648 1180 3732 seripse-

118 3765 179 3830 rat:
212 3753 671 3842 πλάσματος,θειοτε’ρου
693 3750 786 3828 τινός
808 3748 966 3842 τυγχάνει
997 3801 1036 3820 ..
1061 3802 1070 3820 .
1095 3745 1179 3821 οὖσα

119 3871 173 3937 aut
193 3861 452 3953 ὑφάσματος.
496 3861 554 3941 (De
575 3879 605 3943 ρ.
630 3861 690 3924 519
716 3862 743 3927 Β
765 3862 881 3927 dietum
901 3880 994 3943 supro
1014 3881 1046 3943 p.
1071 3862 1136 3941 27.)

219 3975 287 4040 Ibo.
314 3994 345 4057 p.
369 3973 426 4038 527
451 3971 495 4036 A:
539 3965 687 4052 Λέγουσι
718 3972 783 4053 μέν
814 3991 883 4033 τιου
913 3959 1008 4053 μάλα
1039 3968 1183 4056 γελοίως

118 4108 156 4148 τε
183 4082 238 4148 καὶ
267 4073 467 4167 α’ναγκαίως.
523 4073 636 4140 miram
668 4073 881 4141 adverbiorum
913 4075 1182 4150 coniunctionem
