2580 4530
526 280 584 335 Lib.
603 281 634 338 V.
1019 283 1078 346 613

55 481 201 559 bachius,
234 480 348 566 ingenii
388 484 421 546 et
462 481 639 546 eruditionis
676 481 771 564 copiis
805 483 928 548 adiutus
956 484 1118 567 permulta

53 588 181 672 egregie
213 588 402 667 emendavit,
435 587 489 654 sed
522 584 724 671 praeterquam
759 588 837 670 quod
866 607 886 653 a
916 589 1120 673 grammatica

54 693 228 759 subtilitate
249 694 340 779 longe
361 695 497 760 remotus
521 693 595 769 erat,
630 693 784 759 interdum
807 695 923 760 erudite
945 695 1119 779 digrediens

53 801 124 882 ipsa
151 799 310 863 Plutarchi
342 800 434 863 rerba
465 801 497 865 et
528 799 696 865 sententias
724 818 833 884 parum
867 819 970 866 severe
999 801 1120 866 subtili-

50 908 165 988 terque
188 906 288 988 oregit
309 908 341 970 et
360 908 462 970 totum
492 905 650 988 negotium
680 905 872 989 inaequaliter
894 906 1121 972 administravit

54 1029 113 1074 nec
137 1011 296 1093 expolivit3
323 1013 493 1093 permultas
519 1012 615 1077 bonas
645 1011 783 1076 codicum
813 1013 978 1095 scripturas
1014 1015 1060 1089 (ut
1083 1013 1119 1077 de

54 1117 172 1182 adulat.
209 1119 227 1181 t
245 1117 335 1181 amic.
350 1135 375 1183 ο,
389 1119 427 1178 25
440 1138 468 1201 p.
482 1117 521 1180 66
536 1111 619 1201 11νή
642 1118 705 1183 Δία
728 1137 783 1200 pro
806 1119 884 1202 ἰδίῳ,
906 1118 973 1196 iod.
993 1119 1072 1184 132
1088 1139 1117 1200 p.

57 1225 96 1284 71
135 1223 159 1287 O
193 1219 359 1299 ἑὴοὶκαξεν
399 1244 453 1307 pro
486 1217 667 1308 1111111111
701 1226 755 1288 aut
787 1224 931 1298 aliorum,
962 1223 1121 1308 Xylandri

56 1330 234 1404 Mezeanoi,
256 1330 374 1396 Reiskii
396 1329 583 1394 certissimas
613 1332 815 1396 correctiones
844 1333 896 1396 aut
915 1330 1047 1414 neglexit
1068 1333 1121 1394 aut

56 1455 143 1512 sero,
178 1437 209 1498 in
231 1437 558 1510 animadversionibus,
594 1436 626 1501 et
646 1437 791 1502 haesitans
821 1437 969 1520 probavit.
1003 1438 1039 1500 ut
1060 1436 1129 1499 111-
1224 1492 1226 1497 .

55 1561 181 1623 prorsus
200 1541 322 1619 iniuria,
345 1541 399 1606 sed
420 1542 660 1623 cumPlutarchi
681 1543 792 1607 damno
815 1541 943 1606 eandem
965 1543 1118 1607 interdum

54 1650 123 1730 ipse
145 1649 298 1712 Duebneri
319 1648 472 1712 incuriam
494 1650 634 1729 expertus
658 1649 708 1724 sit,
733 1649 862 1731 quinon
883 1667 951 1713 raro
974 1649 1005 1712 in
1030 1648 1120 1732 Wyt·

55 1754 213 1819 tenbachii
252 1754 565 1819 animadversionibus
604 1755 657 1817 aut
700 1755 795 1818 etiam
835 1754 867 1817 in
906 1754 986 1818 notis
1009 1755 1120 1819 'textui

56 1861 202 1926 subiectis
236 1860 332 1924 latere
353 1845 463 1941 passus
496 1861 553 1938 est,
586 1879 652 1942 quae
685 1859 750 1924 sine
776 1858 841 1923 ulla
874 1858 1119 1924 dubitatione'in

55 1967 216 2031 Plutarchi
248 1966 348 2030 verbis
378 1966 517 2049 ponenda
549 1967 634 2031 erant
667 1965 765 2042 (velut
797 1964 829 2028 in
855 1967 999 2048 praecept.
1013 1958 1015 1963 ’
1029 1967 1118 2030 sanit.

54 2072 216 2137 luendaec.
233 2076 245 2133 l
260 2093 290 2155 p.
308 2073 366 2132 122
388 2073 413 2135 lt
437 2076 467 2137 εἰ
489 2073 617 2136 οἴονται
641 2089 694 2154 pro
717 2073 865 2149 οἴωνται,
896 2072 954 2136 etsi
975 2073 1120 2155 Wytteu-

54 2178 183 2244 bachius
206 2178 382 2242 dubitanter
403 2178 554 2262 loquitur,
583 2197 608 2243 c.
631 2182 650 2238 4
672 2198 703 2259 p.
729 2163 834 2240 1231Ὶ
859 2179 913 2242 r'rrt
937 2171 1045 2263 χώρας
1066 2197 1122 2261 pro

56 2276 233 2368 ἐπιχώριος
261 2302 277 2347 1
311 2276 465 2349 codicibus
495 2285 589 2350 etiam
618 2287 650 2349 et
674 2284 740 2348 loeo
762 2285 967 2367 quaestionum
990 2284 1120 2357 courir..

56 2392 119 2455 15
145 2411 174 2473 p.
194 2391 255 2451 124
277 2388 300 2453 C
328 2382 491 2454 οἷπειπεῑν
512 2409 566 2473 pro
589 2384 788 2465 α’ντειννείν).
834 2391 989 2457 Nonnulla
1016 2391 1120 2456 Dueb-

55 2515 150 2561 nerns
176 2514 191 2558 1
222 2495 375 2560 codicibus
405 2495 526 2559 reduxit
551 2495 617 2560 iure
645 2497 811 2571 sublatas
836 2497 1004 2580 prioribus
1025 2499 1061 2561 nt
1083 2495 1120 2561 de

55 2600 173 2665 adulat.
187 2601 217 2664 et
228 2602 325 2666 arnico
339 2620 363 2666 c.
378 2605 396 2662 2
412 2622 440 2683 p.
454 2602 493 2661 49
515 2594 775 2687 ’κεχαρισμένους
787 2622 841 2686 pro
865 2606 1118 2688 κεχαρισμένως.

54 2709 165 2789 ltaque
187 2706 237 2769 rel
259 2708 321 2771 solo
354 2707 475 2771 delectu
505 2726 629 2785 eornm,
664 2729 730 2792 quae
762 2710 824 2774 iam
852 2711 960 2792 parata
989 2710 1027 2774 ab
1051 2708 1119 2773 aliis

48 2816 138 2890 sunt,
161 2813 274 2894 porcae
294 2831 354 2877 non
377 2796 665 2878 1111111111
687 2814 843 2879 erutarum
865 2815 1006 2897 aaron.
1059 2813 1120 2878 sea

56 3017 259 3025 -ἡ

88 3165 110 3231 ¹)
135 3163 275 3232 Specimen
306 3136 403 3232 ponam
435 3179 466 3217 ex
500 3163 632 3232 particula
656 3162 720 3216 libri
749 3161 782 3215 d'e
811 3160 1119 3215 defeetu'oraonlornm.

129 3254 196 3324 Cap.
223 3257 258 3310 40
285 3271 312 3322 p.
340 3257 392 3309 432
410 3254 632 3323 Wyttenbachius
657 3255 737 3309 verba
761 3254 798 3308 sic
825 3255 972 3308 certissime
990 3253 1120 3308 correxit:

129 3345 146 3417 ἥ
169 3367 232 3401 τινα
255 3351 352 3414 κρᾶσιν
376 3349 480 3402 οἰκείαν
505 3347 576 3415 πρὸς
607 3351 690 3404 τοῦτο
715 3347 919 3418 λαμβάνοντος,
947 3339 965 3419 ᾗ
988 3344 1020 3401 τὸ
1049 3351 1120 3414 loys·

130 3438 225 3494 στικὸν
243 3438 496 3505 submurmurando
524 3439 630 3496 civiacus
651 3441 696 3495 aul
722 3439 873 3495 ἀπολύεται
895 3443 950 3493 τῶν
973 3439 1120 3506 παρόντων

130 3537 206 3602 (prot
237 3528 253 3601 ἢ
284 3530 315 3586 τὸ
342 3530 496 3599 λογιστικὸν
525 3574 533 3587 .
558 3575 592 3589 ..
623 3530 754 3589 datatim
784 3532 831 3587 καὶ
858 3531 1052 3599 ἀπολύεσθαι),
1083 3535 1121 3603 τῷ

131 3623 222 3697 ἀλόγῳ
250 3624 342 3692 (vulgo
367 3624 444 3678 abest
477 3631 526 3700 τῳ)
554 3666 588 3682 ..
613 3667 620 3682 .
643 3631 693 3682 τοῦ
711 3625 858 3695 μέλλοντος
887 3625 1117 3694 ἐπιστρεφόμεναι

81 3724 93 3744 ·
135 3719 244 3786 (ψυχαί,
263 3732 310 3786 pro
330 3716 590 3786 ἐπιστρεφομένας);
608 3718 766 3774 Duebnerus
783 3718 873 3787 qualia
894 3721 978 3777 erant,
1003 3717 1121 3787 reliquit,

129 3809 351 3879 quemadmodum
362 3826 383 3870 c»
396 3811 464 3879 311.
477 3813 561 3868 3281
581 3812 610 3866 ἐν
628 3811 741 3885 ἑκάστῳ,
761 3827 809 3881 pro
827 3826 879 3879 quo
897 3810 1121 3881 Wyttunbachins

127 3900 160 3957 ‘iv
179 3905 279 3971 (σῶμα)
298 3900 403 3972 ἑκάστῳ
430 3905 478 3976 (τῷ
497 3903 601 3976 κόσμῳ)
629 3921 681 3957 111
700 3905 850 3973 scripserat,
880 3903 927 3958 sed
951 3902 1120 3957 scribendum

129 3996 313 4048 annulaverat.
351 3993 403 4049 Sed
432 4011 455 4048 1.
472 3998 507 4051 26
525 4011 550 4064 p.
575 3998 627 4051 424
650 3995 672 4048 E
695 3997 752 4066 ipse
770 3996 994 4067 Wyttcnbnchins
1012 3996 1122 4050 silentio

128 4085 304 4157 pretermisit
320 4087 478 4141 restitutum
502 4099 518 4142 a
540 4088 685 4142 Meaeriac'o
702 4087 775 4158 πρὸς
794 4087 942 4156 ἀσώματον
960 4088 1052 4157 χώραν
1074 4104 1121 4156 pro
