2580 4530
527 248 585 305 Lib.
603 251 626 306 l.
1044 253 1085 318 35

52 460 108 518 dir
117 447 213 538 ὁρμή·
234 447 326 536 πρὸς
341 447 381 518 τό
396 452 526 536 πρᾶξαι
541 451 699 534 (quoniam
712 453 745 517 in
757 454 868 519 aeteris
879 455 970 521 rebus
981 476 1042 522 non
1054 476 1127 523 oon-

50 564 128 627 tinuo
147 560 394 637 admirationem
409 557 489 623 laeti
504 557 643 640 sequitur
653 558 958 645 studiumiaaiendi).
1002 561 1126 630 Omisso

51 670 98 735 erl
119 667 291 753 genetivus
301 683 365 729 non
386 663 496 741 babet,
519 663 599 728 unde
610 664 753 746 pendeat,
771 667 981 750 sententiaque
993 669 1128 752 expediri

50 773 252 859 grammatice
268 771 396 837 omuino
412 769 530 853 nequit
574 769 727 836 Diodorus
747 771 873 838 Siculus
895 773 980 846 XIV,
1002 775 1053 853 53,
1074 777 1128 841 nbi

51 882 83 947 de
104 882 235 963 Motya,
258 877 376 942 Siciliae
407 876 503 952 urbo,
537 893 555 938 a
584 875 734 960 Dionysio
757 880 789 943 et
810 877 1012 962 Syracusanis
1036 885 1127 965 oapta

53 990 158 1063 namt,
180 983 368 1050 Sicilienses
384 980 507 1047 dixerat
528 973 687 1065 ω’μότητα
711 976 736 1048 ω’
743 975 796 1067 μό
803 1008 894 1068 aque
916 978 1127 1066 σπεύδοντας

53 1088 249 1179 ἀμύνεσθαι
261 1108 372 1155 omnes
385 1088 640 1154 sinedisorimino
662 1090 736 1154 ullo.
748 1108 838 1155 sexus
860 1091 915 1154 aut
930 1093 1032 1162 aetatis
1044 1106 1126 1170 oooi‘-

53 1204 137 1267 lissa.
199 1195 332 1262 Omisao
361 1213 443 1258 nuno
473 1185 621 1278 ω’μότητι
649 1194 808 1262 sententia
835 1215 930 1280 prava
963 1207 1026 1280 est;
1054 1227 1125 1276 nam

55 1310 133 1392 πρὸς
153 1302 196 1372 soi
221 1292 431 1387 ᾰμύνεσθαι
455 1292 615 1385 ὠμότητα
635 1301 714 1367 nillil
735 1320 811 1384 opus
833 1304 882 1368 esi
897 1305 998 1388 ipsum
1011 1316 1126 1382 saevire.

55 1414 177 1498 Propter
198 1411 287 1476 hano
309 1405 444 1489 danique
467 1407 588 1472 errandi
610 1426 736 1473 oaumm
750 1426 810 1473 non
826 1411 930 1492 paucis
943 1416 1126 1500 scriptorum

56 1521 122 1585 loeis
143 1519 222 1603 post
244 1505 292 1599 δή
312 1514 368 1587 aut
392 1513 428 1578 δέ
449 1513 560 1579 excidit
582 1515 649 1594 δεῖ,
680 1514 719 1579 de
740 1517 1126 1597 quomendoalibidioam.

57 1625 137 1710 lpnd
151 1624 318 1690 Iustinum
342 1622 391 1699 (ut
412 1619 452 1684 ad
467 1619 593 1686 Latinos
614 1621 843 1706 convertamur)
864 1622 933 1701 XV,
956 1627 985 1704 2,
1009 1629 1028 1690 8
1051 1634 1128 1698 sori.

57 1732 130 1796 bitur
148 1747 322 1815 perverse:
357 1729 400 1791 ut
421 1728 635 1808 appareret
656 1745 719 1808 eos
741 1746 819 1793 non
838 1729 934 1808 odii,
962 1734 1026 1798 sed
1048 1736 1128 1822 dig-

58 1836 193 1903 nitatis
226 1834 364 1919 gloria
391 1850 592 1910 ascensos,
624 1833 705 1916 quod
725 1834 846 1918 Ieopius
875 1834 929 1917 (ad
949 1837 1128 1927 111111)

59 1945 125 2008 mire
145 1941 260 2007 neseio
283 1958 345 2023 qua
368 1938 542 2024 zeugmatis
564 1939 664 2023 figura
685 1936 819 2019 excusat,
842 1942 930 2023 quasi
952 1962 987 2008 ex
1002 1946 1129 2030 gloria

60 2050 127 2115 rius
159 2045 325 2113 ablativus
357 2045 397 2111 ad
423 2044 508 2112 odii
543 2045 624 2110 sumi
659 2047 775 2128 possit;
809 2065 864 2111 neo
901 2049 1005 2115 tamen
1038 2053 1129 2120 odio

61 2153 264 2230 stutendum,
278 2151 637 2237 sedgeminatalittors
662 2152 888 2232 ueneriis,
912 2158 989 2222 sad,
1024 2160 1129 2243 ·Apud

62 2262 198 2327 &nesam
222 2259 266 2323 de
287 2257 448 2342 tranquill.
471 2257 567 2322 animi
588 2258 652 2335 6,3
677 2260 757 2341 quod
779 2259 896 2324 editur:
940 2263 1046 2329 alius
1070 2265 1129 2331 in-

62 2368 214 2432 firmum
253 2384 395 2448 eorpus
427 2365 625 2430 laborioso
655 2366 806 2448 pressit
839 2368 995 2446 efficio,
1030 2391 1127 2456 neque

64 2491 345 2556 persepremere
363 2489 502 2554 oorpus
524 2471 1129 2556 offioioreotedieiturnequesatiser·

64 2580 176 2659 primis,
200 2579 260 2662 qui
285 2576 416 2659 exprimi
438 2576 540 2654 debet,
563 2578 705 2642 effectum
727 2578 773 2642 rei
795 2580 826 2643 et
847 2584 1007 2656 eventum3
1028 2582 1056 2648 is
1079 2604 1130 2649 ex-

65 2687 214 2764 primetur,
240 2682 335 2748 sibis
347 2683 493 2764 scriptae
508 2686 540 2748 et
555 2702 575 2769 p
588 2685 694 2747 erunt:
717 2684 918 2750 laborioso
940 2691 1132 2770 oppressit

67 2790 244 2872 ··ilicio¹).
306 2788 443 2854 Velleius
466 2789 586 2854 Patere.
614 2790 656 2862 ΙΙ,
677 2789 732 2866 88,
757 2791 776 2850 2
799 2790 837 2854 da
858 2792 901 2855 Μ.
925 2792 1035 2877 Lepidi
1058 2815 1131 2861 oon-

9 2972 11 2985 ,
66 2896 131 2960 iliis
161 2895 308 2980 Augusti
335 2894 540 2959 interficiendi
568 2913 586 2960 a
614 2895 783 2959 Maecenate
810 2900 962 2979 oppressis
984 2921 1065 2966 nuno
1088 2905 1132 2967 sio

65 3019 178 3065 mrrare
202 3001 343 3079 ridetur,
365 3001 453 3083 quasi
475 3002 513 3065 ob
537 3001 604 3082 ipsa
626 3001 681 3065 illa
702 3020 738 3066 eo
763 3002 888 3069 demum
907 3008 1053 3088 tompore,
1075 3028 1133 3091 quo

66 3126 94 3170 ea
113 3110 190 3173 inita
214 3108 337 3184 esseut,
359 3107 512 3171 Maecenas
534 3107 602 3170 urbi
623 3108 803 3190 praepositus
825 3110 867 3174 sit
888 3112 1006 3189 (Tune
1026 3114 1134 3178 urbis

67 3214 258 3279 rustodiis
280 3212 579 3295 prepositusu.
604 3213 826 3297 Moeoenas);
848 3235 954 3282 verum
976 3219 1009 3281 et
1030 3237 1066 3282 er
1087 3220 1135 3283 hi-

68 3321 148 3385 rona
159 3321 293 3386 constat
305 3321 338 3383 et
349 3337 386 3383 ex
396 3319 515 3402 reliqua
524 3319 621 3401 ipsius
632 3321 741 3384 Velleii
752 3321 927 3385 sanatione
938 3324 1135 3403 perspicuum

67 3436 113 3493 st.
135 3426 364 3503 Maecenatem,
387 3444 459 3489 oum
480 3426 543 3489 iam
564 3426 684 3507 pridem
697 3427 728 3491 in
742 3446 778 3491 ea
795 3428 948 3508 potestate
963 3432 1054 3506 esset,
1076 3432 1137 3498 La·

68 3534 118 3613 pili
139 3534 279 3600 consilia
301 3531 492 3615 comperisse
517 3534 548 3596 at
565 3532 758 3615 praevenisse.
806 3533 904 3596 Reota
925 3535 1029 3602 omnia
1050 3543 1139 3605 amnt

69 3644 198 3708 retractis
222 3640 375 3725 quattuor
396 3638 529 3715 litteris,
551 3659 617 3721 quae
639 3640 686 3704 bis
711 3638 803 3702 soribi
825 3637 1009 3704 debuerant:
1053 3662 1138 3710 eon.

83 3882 89 3909 ¹
129 3884 222 3939 Etiam
245 3877 321 3952 apud
335 3877 398 3933 Val.
411 3875 482 3930 Max.
494 3873 540 3935 lV.
553 3877 577 3936 6,
596 3878 612 3930 3
631 3873 760 3928 debuerat
775 3871 861 3925 teneri
880 3871 913 3925 ab
932 3875 1049 3942 Halmio,
1069 3881 1140 3949 quod

126 3980 152 4032 in
182 3977 278 4033 codiee
308 3973 407 4042 aliquo
432 3966 604 4036 corrigendo,
632 3967 679 4022 sed
702 3967 773 4018 recte
796 3965 952 4034 corrigendo
979 3975 1067 4025 ortum
1090 3977 1141 4039 est,
1266 3992 1271 4039 ,-

128 4073 240 4128 morbo
259 4078 437 4141 oppressa
457 4077 507 4130 pro
526 4075 651 4128 pressa

905 4186 941 4244 3*
