2580 4530
231 251 293 320 530
653 249 779 306 σοαπ.

188 442 397 537 ἐχειρώσατο,
419 444 480 523 τοίς
502 442 532 516 δ’
552 445 657 523 ἄλλοις
685 447 781 517 σίτου
806 446 980 538 γεμούσας
1008 450 1095 540 [καί
1125 449 1250 543 σιιιίφη

188 556 279 642 σευ]
300 551 419 640 τηριιιοί
443 557 584 639 τέσσαρα
615 554 791 640 [κατέδυ]
824 579 901 632 οεν,
934 552 996 625 τδν
1031 560 1069 627 δὲ
1098 558 1250 650 δεύτερον

187 662 256 728 τών
276 655 452 728 ύπατικοῐν
473 655 648 730 Ὁστίλιον
670 653 905 746 απεκρούσατο
929 689 959 729 ιι.
982 690 1011 729 τ.
1034 667 1065 730 λ.

285 766 351 833 lbd.
376 768 429 834 14:
458 762 509 836 Τοί
531 771 565 839 δὲ
586 764 639 848 (τιί
662 771 802 853 φρέατα)
825 761 936 842 εύδύς
958 770 1161 854 ἐπίμπλατο
1183 777 1250 860 ῥευ-

186 867 315 959 μοίτοιν·
340 875 503 961 καθαρῶν
540 867 825 943 ἐπισυνδιδόντων
856 869 941 964 ὁλκῇ
983 879 1038 957 ιιαί
1072 880 1164 966 φορᾷ
1196 880 1248 947 τού

189 985 404 1069 θλιβομένου
437 978 523 1067 πρδς
553 979 591 1049 τό
625 973 858 1065 κενούμενον..
896 981 1011 1049 Scrib.:
1037 987 1250 1054 ἐπισυνδι-

187 1084 356 1168 δόντος,
384 1070 463 1174 quod
485 1091 524 1155 ob
545 1087 751 1174 praecedentia
771 1088 925 1153 mutatum
946 1091 1005 1154 est.

286 1196 352 1262 lbd.
378 1197 439 1260 21:
474 1192 540 1262 Οἷα
565 1195 597 1260 δὲ
622 1195 760 1268 νεανίας
781 1197 1062 1279 ἐντεθραμμένος
1086 1199 1250 1272 πλείστοις

186 1293 395 1386 παιδεύμασι
435 1303 490 1367 ιιαί
523 1293 660 1388 μεγοίλιμ
695 1302 798 1386 πατρί
831 1293 984 1386 μεγιίλης
1010 1294 1139 1390 α’ρετῆς
1168 1298 1249 1372 α’πο-

185 1407 303 1484 δείξεις
327 1401 481 1489 ὀφείλων.
523 1407 636 1474 δουλίας
659 1422 859 1495 χρηστοῖς
881 1401 1103 1494 παιδεύμασι.
1151 1414 1250 1493 (Deo.

184 1513 226 1576 33
247 1514 365 1578 dictum
387 1515 435 1584 ‚est
454 1532 484 1596 p.
506 1513 545 1575 67
567 1525 612 1587 n.)

282 1619 328 1683 De
357 1618 516 1707 Pelopidae
544 1640 569 1686 ο.
596 1622 610 1681 1
635 1620 697 1685 dixi
725 1640 755 1704 p.
788 1621 838 1684 85.
888 1619 955 1685 Ibd.
978 1640 1005 1686 c.
1028 1622 1066 1686 2:
1093 1617 1248 1715 Katpdp

183 1724 266 1810 χειρί
289 1725 438 1810 χρῆσθαι
470 1719 704 1813 μαχιμώτατοι
740 1722 919 1812 γενόμενοι
948 1729 1249 1817 ιιαλστρατηγιάις

184 1826 468 1916 ἐπιφανεστάταις
505 1826 737 1917 κοσμήσαντες
765 1825 954 1919 α’μιμίτεροι
981 1828 1044 1909 τοίς
1073 1836 1247 1923 πατρίδας.

184 1936 280 2002 Recte
313 1937 546 2017 milosdicitur
579 1942 660 2026 χειρί
697 1939 863 2026 χρῆσθαι,
901 1939 956 2006 sed
987 1941 1072 2027 χειρί
1099 1942 1246 2029 χρῆσθαι

183 2035 333 2130 μα’χιμός
369 2049 440 2127 εἰμι
480 2045 623 2115 Θεισοαία
650 2032 710 2112 non
738 2048 812 2128 puto
839 2045 1098 2131 scribendumque
1133 2048 1247 2134 opinor:

184 2151 254 2216 Καὶ
276 2144 344 2236 γδρ
359 2144 594 2239 μαχιμώτατοι
611 2145 792 2240 γενόμενοι
806 2153 861 2217 καί
877 2153 1096 2240 στρατηγίαις
1120 2179 1149 2222 ιι.
1166 2170 1197 2223 τ’.
1211 2155 1247 2228 l..

184 2256 314 2321 sublatis
341 2258 462 2335 verbis,
484 2277 551 2341 quae
579 2259 609 2325 h.
637 2261 659 2325 l.
687 2260 816 2344 propriae
843 2259 888 2324 rei
916 2259 1122 2342 appellationi
1149 2261 1248 2327 additu

184 2362 255 2426 sunt
276 2355 312 2428 ex
334 2364 485 2447 superiore
500 2364 583 2442 loco,
605 2365 658 2430 ubi
679 2368 783 2430 ornate
806 2365 984 2430 dicebatur:
1009 2367 1064 2431 καί
1087 2369 1174 2452 χειρί
1198 2366 1246 2432 καὶ

184 2461 327 2552 σώματι
340 2473 511 2563 χρηστέον.
556 2471 675 2536 Deinde
706 2472 902 2537 vehementer
931 2471 1061 2537 offendit
1082 2475 1247 2557 genetivus,

183 2575 235 2659 qui
255 2575 419 2657 partitivus
447 2576 643 2660 essedebet,
679 2585 726 2643 ε”τι
761 2577 794 2643 δὲ
819 2577 885 2640 τών
919 2571 1126 2663 βαρυτάτων
1150 2573 1249 2646 α’ντα-

171 2683 365 2768 ἠωνιστών
408 2683 515 2766 Neque
544 2683 626 2748 enim
656 2683 700 2748 sio
731 2701 908 2757 communes
936 2682 1111 2765 aliquorum
1149 2681 1248 2754 α’νταν

182 2789 341 2874 ηονισταί
373 2789 529 2854 Hannibal
566 2791 597 2854 et
633 2788 859 2855 Lacedaemonii
891 2787 1024 2866 fuerunt,
1061 2793 1098 2856 nt
1130 2792 1249 2875 partitio

182 2895 285 2959 locum
307 2895 431 2960 habeat.
477 2895 631 2979 Scriptum
654 2896 769 2961 fuerat:
800 2895 867 2959 ἐπί
889 2920 935 2959 τε
957 2896 1027 2962 τῶν
1048 2892 1248 2988 βαρυτάτων

185 2995 276 3078 ἀντ,
308 3002 343 3065 ut
376 3001 442 3071 haec
474 3001 710 3086 adiungerentur
743 3000 892 3082 superiori
926 2993 1163 3086 κοσμήσαντες
1195 2997 1251 3087 τας

184 3107 360 3193 πατρίδας,
384 3125 452 3170 cum
463 3109 595 3192 oppositi
613 3117 705 3171 eareat
719 3106 905 3190 pravissimis
917 3107 1111 3186 adnocariis,
1133 3116 1249 3196 (papau-

183 3215 270 3288 coer,
309 3217 344 3278 ut
383 3214 493 3280 dieitur
530 3216 585 3280 ἐπὶ
616 3200 815 3299 μαρτύριον,
852 3207 1021 3287 ιιαταοτιίς
1058 3212 1112 3280 ἐπ’
1149 3211 1251 3301 αὐτῆς

182 3321 294 3385 Antou.
322 3339 348 3386 c.
373 3320 437 3396 57).
482 3322 579 3405 Paulo
602 3338 693 3401 supra
713 3320 746 3383 in
768 3320 922 3385 Timothei
942 3321 1044 3387 verbis
1071 3323 1252 3389 mendosum

189 3428 237 3503 est
259 3420 303 3499 εἷς
324 3420 410 3504 λίαν,
436 3427 490 3492 sed
512 3429 661 3512 corrigere
682 3443 807 3506 nequeo.

208 3559 209 3563 ¹
283 3531 350 3598 Ibd.
372 3531 406 3595 3:
437 3525 543 3606 αύτός
571 3534 690 3616 μέντοι
720 3544 853 3616 μετεῖχε
882 3533 943 3617 της
973 3533 1106 3598 ἐκείνου
1135 3534 1253 3604 πενίας

183 3639 331 3723 ἐσθῆτος
358 3631 498 3723 οἷφελείᾳ
533 3639 586 3704 καί
625 3639 791 3720 τραπέζης
825 3626 975 3719 λιτότητι
1009 3640 1064 3704 καί
1093 3639 1140 3724 τῷ
1168 3634 1252 3726 πρὸς

73 3788 76 3792 «
182 3738 261 3815 τούς
284 3738 413 3818 πόνους
435 3741 545 3832 α’διινῳ
569 3745 622 3810 καί
648 3737 732 3808 κατοί
757 3735 819 3815 τιίς
842 3742 1019 3824 στρατείας
1041 3736 1154 3829 οἷδόλῳ
1178 3748 1255 3811 ιιαλ·

184 3844 422 3936 λωπιζόμενος.
484 3850 702 3918 scribendum:
745 3849 790 3934 τῷ
832 3843 915 3912 ιιατοί
966 3842 1031 3922 τοίς
1062 3855 1254 3936 στρατείας

183 3946 361 4041 α’δοιίλῳ,
388 3957 479 4040 quod,
520 3977 590 4035 cum
615 3955 780 4034 militaret,
808 3972 894 4020 servo
923 3951 1065 4020 ministro
1101 3977 1162 4024 non
1186 3960 1254 4025 nte·

181 4061 272 4126 batur
299 4063 392 4144 (quod
419 4063 615 4130 coniunctum
649 4065 791 4129 osteum
820 4059 864 4146 τῷ
893 4053 977 4125 κατα
1012 4056 1094 4137 τούς
1122 4062 1250 4139 πόνους
