2580 4530
152 272 193 334 24
595 270 653 327 Lib.
669 272 692 325 Ι.

110 467 192 533 tiunt
213 468 383 533 Kramerus
405 467 437 532 et
457 468 629 536 Meinclrius
655 470 687 532 et
708 468 783 534 satis
805 468 906 550 patet;
928 487 995 550 quae
1017 467 1101 534 enim
1122 468 1178 533 ho·

110 573 230 638 minum
250 571 370 638 luxuria
393 591 429 637 ex
452 592 487 637 eo
502 573 701 659 significatur,
724 573 806 658 quod
826 573 865 636 iis
881 592 944 638 non
968 573 1116 639 eventum
1137 574 1179 639 sit

110 679 231 749 decima
252 678 533 762 Syracusanorum?
555 680 708 745 medicina
722 678 858 743 nondum
877 681 1000 760 reperta
1021 680 1079 756 est,
1109 698 1177 762 qua

112 804 173 851 non
201 784 342 850 difficilis·
366 787 427 862 est;
463 787 658 852 scribendum
691 786 739 850 est
770 785 853 849 enim
887 790 1070 862 ἐξικνοῖτο,
1102 803 1177 850 non

111 891 361 956 suffecturam
383 891 432 957 iis
460 891 506 974 (in
534 893 649 958 talibus
672 890 859 972 sumptibus)
890 889 1077 957 decimam
1098 891 1176 976 Syr.

109 997 168 1061 Est
197 999 304 1061 tamen
335 997 395 1062 hoc
427 999 574 1063 mendum
612 996 785 1079 Stephanov
806 997 976 1080 Byzantius
1011 996 1177 1080 antiquius.

110 1102 203 1186 Apud
225 1103 357 1168 eundem
376 1103 627 1187 Strabonemlp.
647 1103 685 1165 lt
698 1102 894 1184 Hipparchus
906 1122 987 1180 eum,
1011 1103 1064 1185 qui
1086 1120 1177 1170 omne

112 1229 209 1293 genus
226 1209 362 1274 scientiae
383 1210 416 1273 et
437 1211 513 1275 artis
535 1211 669 1274 Homero
681 1209 816 1293 tribuat,
841 1208 985 1274 similiter
1002 1209 1102 1275 facere
1124 1210 1177 1288 ait

112 1310 155 1387 cic
174 1309 218 1379 ἄν
241 1317 274 1379 οἵ
293 1341 344 1389 τις
366 1298 528 1400 Ἀττικῆς
551 1310 745 1397 εἰροοιαὶνης
772 1315 976 1400 κατηγοροίη
1005 1315 1059 1379 καὶ
1083 1310 1176 1400 οἶμαὶ

28 1439 34 1448 ’
112 1415 413 1504 ὃύναταιψὲρειν,
442 1424 534 1507 prrjlu
565 1423 619 1486 aui
651 1416 784 1506 ὄγχνας.
833 1420 1069 1486 Alienissimum
1097 1441 1116 1486 a
1145 1442 1177 1487 re

61 1514 64 1519 ’
111 1526 276 1616 accusandi
296 1529 424 1593 vertum
440 1532 502 1606 est;
524 1527 689 1611 requiritur
711 1530 743 1592 et
765 1527 951 1592 sententiam
967 1524 1178 1608 expleturum

112 1627 303 1719 nonupep'p,
343 1634 567 1717 suspendat.
622 1634 834 1717 Adiungamus
868 1633 963 1698 etiam
995 1635 1093 1715 poaoae
1127 1653 1179 1699 er·

112 1744 259 1825 emplum.
312 1741 395 1804 Nam
423 1740 585 1824 Sophocles
614 1741 646 1804 in
677 1738 847 1803 Trachiniis
876 1739 954 1814 323,
984 1738 1037 1804 ubi
1067 1739 1178 1804 Lichas

112 1850 197 1915 Iolen
219 1848 312 1927 dicit,
333 1846 361 1912 si
382 1847 457 1931 quid
477 1847 637 1930 loquatur,
659 1863 781 1929 prorsus
804 1863 822 1908 a
844 1845 1008 1927 superioris
1030 1844 1178 1925 temporis

112 1954 331 2021 consuetudine
368 1953 591 2030 discessuram,
628 1972 727 2037 neque
764 1942 873 2034 euripo
914 1950 1048 2016 διοίσεν
1065 1949 1178 2032 posuit,

113 2061 193 2144 quod
213 2061 290 2126 nihil
318 2073 386 2125 esse
416 2061 624 2150 consentiunt,
657 2079 756 2142 neque
786 2051 893 2141 διήσοι
922 2058 977 2141 (-
1001 2074 1073 2119 nam
1095 2053 1179 2120 aliud

112 2168 161 2256 est
172 2159 290 2249 φωνήν
307 2167 361 2229 aut
376 2167 533 2251 γλῶσσαν
551 2169 645 2243 ἱέναι,
669 2165 753 2229 aliud
765 2165 893 2243 διιέναι,
915 2162 947 2228 id
965 2164 1013 2227 est
1028 2160 1107 2224 nihil
1117 2161 1179 2242 -)‚

113 2271 169 2336 sed
189 2271 234 2336 sic
255 2270 396 2352 scripsit:
922 2254 936 2266 ³

264 2373 305 2440 cri
328 2373 413 2459 τᾶρα
435 2376 480 2460 τῷ
502 2401 539 2461 ys
564 2368 722 2458 πρόσθεν
745 2370 844 2441 οὐδὲν
867 2381 899 2452 ἐξ
919 2379 997 2442 ἴσον

263 2475 371 2566 χρόνῳ
395 2483 509 2557 διοίξει
535 2483 700 2568 γλῶσσαν.
775 2526 782 2539 ,

181 2587 266 2689 (Non
298 2590 364 2653 tam
395 2587 493 2671 ipsius
525 2588 613 2653 verbi
645 2607 738 2671 quam
774 2587 886 2657 formae,
917 2588 1045 2653 alicuius
1078 2588 1180 2653 minue

113 2695 205 2760 tritus
228 2714 303 2759 usus
324 2695 406 2776 apud
426 2694 596 2759 Lucianum
618 2693 726 2758 Abdio.
759 2695 797 2754 17
826 2693 943 2772 effecit,
973 2697 1009 2760 ut
1030 2693 1181 2760 substitu-

116 2801 218 2865 eretur
250 2801 334 2865 aliud
350 2801 495 2866 ¹uerbum
525 2819 588 2866 una
626 2800 733 2867 littera
762 2801 899 2885 longius,
938 2820 999 2865 una
1033 2802 1182 2883 praeterea

116 2907 267 2972 differens
300 2907 410 2972 Editur
434 2908 533 2984 enim:
548 2902 665 2974 Ὅταν
687 2908 773 2990 γοῦν
796 2901 959 2980 πολλάκις
981 2902 1182 2990 ποιήσωμεν

116 3011 181 3099 ἤδη
221 3013 368 3094 πλησίον
410 3017 573 3099 γενέσθαι
623 3015 685 3080 τοὺ
725 3017 844 3086 τέλους
885 3016 940 3080 καὶ
978 3008 1181 3094 ἐλπίσωμεν.

118 3111 322 3204 ἐμπεσόντι
343 3115 472 3204 μικρὸν
501 3117 709 3204 ἁμάρτημα,
740 3118 1003 3204 ἐπακμάσαντος
1030 3111 1185 3184 cori-reoi-

118 3236 217 3305 θοος,
239 3222 377 3292 ἅπαντα
400 3226 521 3310 ῥᾳδίως
544 3232 655 3292 ἐκεῖνα
677 3220 873 3319 α’νέτρεψεν,
896 3247 988 3310 quam
1010 3227 1096 3291 nulla
1115 3244 1186 3290 sen·

118 3335 232 3413 tentia,
258 3332 417 3399 ostendere
444 3333 546 3414 potest
568 3332 697 3398 Gesneri
725 3333 938 3418 interpretatio
960 3339 1057 3410 (cum
1085 3331 1187 3396 enim

118 3461 216 3523 saepe
242 3439 456 3515 effecimus,
481 3439 524 3501 ut
544 3458 662 3521 prope
684 3439 803 3504 finem
824 3440 960 3516 simus,
993 3458 1077 3503 cum
1098 3455 1187 3521 spe-

118 3567 260 3625 ramus,
284 3548 355 3623 cet,
386 3545 444 3609 etsi
472 3546 559 3607 ποιῶ
587 3551 749 3632 γενέσθαι
780 3549 927 3631 πλησίον
952 3545 1094 3610 Graecum
1120 3561 1188 3607 om·

118 3655 190 3718 nino
213 3672 274 3717 non
298 3653 345 3717 est
369 3653 427 3717 hoc
453 3650 659 3734 significatu);
687 3653 786 3719 bonus
808 3652 966 3719 Marcilius
989 3650 1081 3715 scribi
1101 3649 1189 3714 uolu-

119 3761 186 3824 erat
213 3753 401 3843 οἰήσαμον,
429 3755 591 3822 barbaram
618 3758 748 3822 formam
775 3778 907 3841 ponens,
935 3755 1121 3821 sententiam
1143 3754 1189 3818 ri-

120 3865 209 3942 dens;
232 3865 384 3931 Lucienus
406 3863 552 3948 posuerat
572 3864 764 3948 οἰηθῶμεν.
797 3863 953 3929 ELatinis
969 3861 1085 3927 Seneca
1107 3881 1188 3926 cons.
1218 3897 1221 3903 ·

121 3973 161 4038 ad
172 3972 321 4037 Marciam
346 3973 396 4050 17,
416 3971 437 4033 6
458 3972 603 4043 naturam
623 3972 779 4037 dicentem
794 3971 922 4047 inducit,
944 3969 1097 4034 incertum
1112 3985 1190 4043 esse,

121 4078 270 4162 numquid
294 4077 383 4143 liberi
404 4078 469 4143 nati
489 4077 607 4143 fructus
628 4076 804 4160 laetitiaeque
828 4075 952 4141 allaturi
972 4074 1052 4138 sint:
1082 4073 1138 4137 'l'u
1159 4071 1191 4137 si
