2626 4530
529 235 586 289 Lib.
604 236 641 291 ΙΙ.
1013 240 1073 301 219

50 431 81 492 in
112 430 245 515 vulgata
277 432 428 514 scriptura
464 452 525 498 οοο
564 437 670 516 aptum
693 441 781 511 losse
814 436 971 504 Nanchins
1009 442 1116 507 sensit.

53 537 161 621 ltaque
183 539 311 629 proptor
331 539 412 604 hano
433 542 465 605 st
486 539 562 609 alias
589 558 696 606 causas
726 542 825 607 multo
852 543 954 610 minus
984 565 1072 611 veras
1099 565 1116 612 ο

53 643 152 709 tribus
174 644 332 722 versibus,
361 645 429 711 aliis
452 645 556 711 eiectis
582 644 691 721 verbis,
723 647 791 712 aliis
812 649 1016 733 transpositis,
1039 652 1116 718 duos

53 750 151 832 facit.)
191 838 194 843 .
552 830 555 837 Ι
618 825 622 833 ,

152 857 222 923 roo.
245 858 307 920 una
331 879 454 942 sqqn.¹
553 840 556 853 '

206 965 278 1031 Καί
301 989 358 1030 νιν
381 965 472 1048 πνρᾷ
495 957 630 1037 κέαντες
651 958 763 1036 εὐθύς
786 970 821 1029 ἐν
842 970 961 1052 βραχεῖ

205 1070 315 1158 χαλκῷ
335 1074 498 1167 μέγιισνον
520 1070 615 1153 σῶμα
640 1069 790 1142 δειλαίας
813 1071 946 1137 σποδοῦ

207 1180 366 1261 φέρουσιν
388 1173 510 1261 ἄνδρες
533 1178 672 1242 Φωκίων
694 1181 904 1261 τεταγμένοι.

152 1282 252 1348 Nulla
260 1283 339 1349 ratio
354 1282 441 1347 reddi
451 1283 586 1367 genetivi
596 1282 845 1357 illiusdeciolne
857 1284 989 1350 enodari
999 1286 1117 1366 potest;

58 1395 136 1466 (nam
163 1390 218 1472 qui
238 1405 386 1472 magnum
408 1409 527 1473 corpus,
555 1389 586 1453 id
610 1392 666 1471 est,
697 1389 814 1472 pondus
837 1394 868 1456 et
887 1391 1118 1457 multitudinem

59 1496 164 1561 choris
196 1495 378 1581 intellegat,
407 1495 471 1561 foro
498 1494 588 1559 credo
620 1496 801 1574 nominem.)
843 1498 940 1562 Recte
965 1497 1119 1562 contraria

60 1603 283 1686 coniunguntur
314 1607 350 1668 ἐν
381 1605 501 1688 βραχεῖ
521 1602 630 1686 χαλκῷ
652 1604 813 1688 μέγιστον
835 1604 941 1687 σῶμα.
985 1603 1119 1668 Additur

61 1727 124 1772 cnm
160 1708 374 1787 miseratione,
416 1727 497 1791 nnnc
538 1707 595 1773 hoc
637 1708 759 1773 tantum
801 1727 910 1792 corpus
947 1709 1023 1773 nihil
1059 1708 1120 1773 nisi

61 1815 250 1882 δειλαίαν
272 1809 429 1881 σποδόν
451 1832 532 1891 οοοο;
557 1814 600 1878 sic
622 1814 704 1879 enim
726 1815 931 1881 scribendum.
1006 1794 1012 1813 ἲ

155 1921 225 1986 Ibd.
250 1920 310 1984 941
343 1921 434 1988 scrib.
460 1915 535 1987 Ode
564 1913 655 1985 οἶσθ’
679 1927 720 1997 (v.
743 1915 804 1987 ονίι
821 1916 907 2000 ἔσθ’)
924 1917 942 1986 ὅ
957 1913 988 2006 y'
1003 1920 1117 1986 εἶπον·

61 2023 96 2094 ον’
114 2022 183 2115 yoip
203 2015 261 2094 οἷδ’
278 2025 394 2112 ἄφρον
409 2035 509 2110 ι’ὀσνι
531 2026 632 2091 nescis
644 2026 874 2111 necintellegis,
889 2026 962 2108 qnid
979 2024 1118 2089 dueum.

61 2135 103 2201 Sic
125 2136 216 2200 nulla
236 2153 341 2200 uersus
366 2153 437 2198 oum
457 2131 594 2197 Nauokio
616 2130 782 2196 damnandi
804 2152 896 2198 causa
918 2135 973 2198 est.

157 2240 228 2306 Ihd.
263 2240 342 2302 1086
375 2241 484 2305 chorus
514 2230 670 2302 Electram
701 2237 808 2305 laudat
843 2238 1017 2320 exemplum
1053 2236 1122 2301 univ

62 2340 206 2434 ιῖγαθών
238 2346 393 2420 secutam,
432 2360 559 2428 qnorum
596 2362 686 2408 nemo
723 2344 787 2424 ζῶν
823 2345 932 2416 κακῶς
965 2339 1120 2409 εὔκλειαν

62 2455 218 2540 αἰοχὺναι
240 2456 335 2518 θέλοι
356 2448 413 2518 oin:

174 2552 220 2630 nic
242 2561 296 2625 uui
321 2553 361 2625 cei
385 2549 604 2646 πάγκλαυτον
626 2556 732 2620 αἰῶνα
756 2549 871 2645 κοινόν
892 2559 999 2620 εἵλου.

62 2668 205 2750 Ineptum
228 2685 295 2731 esse
317 2657 432 2731 κοινόν
454 2664 508 2729 alii
524 2663 700 2739 senserunt3
723 2662 867 2726 nonsatis
884 2662 1118 2727 eratlllectram

63 2774 207 2838 miseram
230 2771 326 2837 vitam
350 2771 490 2855 elegisse,
513 2770 568 2834 sed
588 2770 736 2835 miseram
759 2771 791 2833 et
811 2770 985 2834 honestam.
1019 2767 1122 2849 Scrip-

64 2881 126 2944 tum
148 2879 254 2943 fuerat
276 2878 381 2943 αἰῶνα
405 2870 580 2942 κλεινόν.
619 2877 690 2941 Non
712 2894 779 2940 raro
804 2868 916 2948 κοινός
939 2876 970 2939 et
993 2864 1123 2943 κλεινός

64 2986 288 3068 permutantur.
330 2984 367 3047 Iu
389 3001 433 3059 eu,
456 2981 536 3065 quod
550 2982 686 3047 additur:
706 2974 744 3043 oo*
768 2976 819 3064 μή
836 2977 939 3047 καλὸν
952 2980 1121 3044 καθοπλί-

66 3117 147 3158 σασα
172 3090 275 3155 nescio
305 3109 343 3153 an
372 3089 471 3154 lateat
498 3078 792 3168 κανοννήοοοο
821 3094 904 3166 (cum
926 3086 1123 3150 inhonestum

64 3197 254 3282 refugeres);
277 3196 358 3260 carte
380 3176 486 3260 subest
503 3193 678 3257 huiusmodi
697 3194 834 3270 verbum,
859 3195 938 3278 quod
960 3191 1063 3272 spreta
1084 3189 1125 3251 ah

64 3304 188 3369 Electra
208 3302 370 3366 inhonesta
391 3296 554 3384 significet.

164 3406 270 3493 (lldipi
292 3407 396 3473 dolon.
418 3405 474 3466 34:

222 3505 367 3588 (οἷκοῦων
390 3555 397 3570 .
422 3556 430 3574 .
453 3516 473 3586 .)
496 3502 606 3593 οὕνεχ’
628 3501 713 3592 sipoto
735 3513 843 3582 αἴσιος

222 3612 348 3688 σκοπός
370 3609 553 3700 προσήκεις
575 3615 642 3680 τῶν
664 3607 861 3700 οἷδηλοίιμεν
883 3612 1017 3698 φράσαι.

167 3725 218 3791 Sic
240 3723 369 3789 codices.
405 3723 466 3788 Pro
486 3717 680 3808 o'dplndpev
702 3721 867 3805 requiritur
888 3722 1024 3798 verbnm,
1046 3720 1125 3802 quod

65 3831 220 3918 significet
247 3831 301 3896 aut
334 3830 498 3895 nescire
525 3830 579 3894 aut
609 3843 720 3914 egere
755 3829 801 3905 (nt
828 3846 864 3891 ea
887 3825 985 3900 dicos,
1016 3824 1126 3908 quibus

65 3959 192 4026 egemus
215 3939 248 4005 et
276 3938 354 4003 scire
377 3954 452 4018 opus
475 3937 545 4014 est).
594 3935 737 4017 Suspicor
762 3933 943 4016 Sophoclem
965 3930 1125 4014 scripsisse

66 4036 111 4112 οἷν
133 4040 391 4132 α’χηνοὺμιν.
423 4042 583 4108 Adiectivo
596 4034 683 4128 α’χήν
694 4040 875 4105 Theocritus
888 4057 961 4103 usus
974 4041 1030 4116 est,
1052 4037 1127 4102 suh·
