2580 4530
223 247 284 308 522
648 235 708 290 uio,
726 236 775 292 IV.

181 445 273 532 lymis
303 444 360 508 est.
411 439 582 505 Notissima
611 428 632 520 ἦ
662 435 787 520 περαέα
815 435 880 522 τῆς
907 429 1050 504 Ῥόδον.
1091 440 1151 519 (De
1175 437 1238 522 p.9

182 552 298 616 dictum
321 549 369 614 est
391 565 484 630 supra
505 566 534 629 p.
556 543 617 607 326
640 541 681 606 ad
705 541 842 625 Thucyd.
864 539 922 621 Vl,
941 544 993 620 21,
1016 545 1059 624 2.)

280 653 351 719 Ibd.
375 651 414 715 10
436 653 478 730 (1,
503 652 567 729 17):
613 648 682 714 Καὶ
716 649 819 715 τοῦτο
852 650 908 715 κα1
942 655 980 717 ἐν
1014 665 1160 737 μικροῖς.
1182 654 1239 736 μὲν

182 759 288 848 δῆλόν
310 766 413 828 ἐστιν.
459 755 677 822 scribendum:
700 758 737 818 ἐν
757 767 894 837 μικροῖς
915 751 1096 841 ἔκδηλόν
1117 763 1214 824 ἐστιν.

279 866 347 931 Ibd.
375 885 406 948 p.
430 863 467 925 11
498 862 540 943 (1,
566 861 616 939 18)
645 860 752 924 scrib.:
786 857 935 936 ἄλλοις
967 857 1034 948 γαρ
1067 857 1177 949 νόμος
1206 855 1239 928 κδ

180 975 241 1040 τοῦ
262 973 427 1059 βασιλέως
449 961 667 1054 πρόσταγμα,
700 961 842 1041 ἄλλοις
870 968 906 1036 δὲ
932 965 972 1035 cd
998 969 1074 1037 saio
1102 963 1240 1054 α’ρίοκιιι

180 1105 207 1146 κ.
229 1107 259 1145 τ.
283 1081 311 1144 λ.
340 1081 410 1161 (pro
433 1073 557 1156 ἄλλος).
614 1071 683 1138 Non
713 1073 816 1158 agitur
847 1075 886 1140 de
919 1074 1101 1144 diversitate
1134 1078 1238 1165 legum,

179 1186 234 1253 sed
255 1186 331 1250 alios
352 1184 385 1247 in
408 1183 476 1248 aliis
501 1179 677 1246 civitatibus
699 1179 805 1264 legum
828 1199 896 1246 esee
917 1182 1070 1250 auctores.

279 1289 346 1355 lbd.
375 1288 410 1348 11
435 1291 480 1366 (1,
503 1286 555 1364 10)
580 1279 693 1371 ὥσπερ
716 1287 901 1352 mendosum
923 1289 987 1364 οε1;
1014 1287 1152 1356 fortasse
1174 1289 1240 1355 scri·

178 1399 328 1464 bendum:
358 1387 444 1469 αλλ’,
477 1389 544 1458 οἷα
566 1389 609 1456 ad
641 1395 720 1478 napi
742 1387 809 1476 τήν
830 1386 1064 1479 α’ναμέτρησιν
1086 1445 1094 1462 .
1119 1443 1128 1458 .
1153 1443 1175 1472 .,
1196 1400 1241 1461 δν

178 1501 295 1576 ἄλλοις
317 1492 542 1567 δεικνύουσιν.
585 1499 704 1563 Deinde
731 1501 852 1576 autem,
881 1500 1027 1579 sublatis,
1056 1521 1126 1586 quae
1148 1520 1239 1568 errore

178 1610 311 1694 repei'ia
333 1608 405 1673 sunt
425 1600 641 1689 (ὑποθέσθαι
659 1603 704 1682 δὲ)
726 1603 921 1670 scribendum
937 1608 985 1671 esi
1001 1608 1064 1673 sic:
1090 1609 1238 1676 ἐνταῦθα

179 1715 213 1782 δὲ
235 1711 437 1782 ὑποθέσθαι
461 1712 512 1778 δεῖ
544 1711 598 1776 καὶ
632 1711 812 1777 πιστεῦσαι
842 1724 915 1785 τοῖς
946 1718 1014 1778 ἐκεῖ
1043 1714 1239 1802 δειχθεῖσιν,

179 1824 233 1890 καὶ
257 1821 456 1907 σφαιροειδῆ
478 1822 543 1903 μὲν
565 1813 627 1883 τόν
649 1810 791 1902 κόσμον,
815 1819 1011 1904 σφαιροειδῆ
1035 1821 1058 1886 δ
1093 1871 1102 1889 .
1126 1869 1175 1902 ..,
1196 1830 1238 1888 ἔτι

179 1930 214 1997 δὲ
236 1923 369 1996 τούτων
398 1918 568 2010 πρότερον
596 1917 661 2007 τήν
692 1925 748 1989 ἐπὶ
776 1919 815 1997 τό
844 1927 953 2010 μέσον
979 1926 1049 1992 τῶν
1079 1927 1240 2015 σωμάτων

179 2031 306 2122 φοραν,
344 2029 474 2102 αὐτόν
504 2025 627 2116 μόνον,
661 2032 700 2095 εἴ
734 2056 772 2095 τι
804 2035 865 2116 τῆς
897 2025 1094 2118 αἰσθήσεως
1126 2031 1152 2122 ἢ
1179 2038 1240 2104 τοῖν

178 2144 300 2208 κοινῶν
333 2141 473 2207 ἐννοιῶν
509 2132 608 2223 ἐγγύς
640 2141 744 2210 ἐστιν,
778 2141 809 2203 εἰ
843 2136 924 2225 ἄρα,
958 2137 1240 2227 ἐπισημαινό-

176 2273 312 2333 μενον
339 2249 406 2341 ἐπὲ.
424 2243 594 2328 κεφαλαίῳ
616 2236 738 2326 μικράς
766 2245 811 2306 ica
831 2256 865 2310 ot
885 2247 949 2333 φοι
970 2258 1089 2312 tantum
1110 2273 1241 2314 eommo-

178 2354 445 2426 timotheanum,
473 2351 500 2412 si
521 2349 610 2430 focio,
644 2348 801 2434 confirmes
823 2362 850 2414 et
871 2355 961 2438 quasi
980 2355 1090 2438 σι’φιιοε,
1123 2356 1242 2443 siquid

176 2461 278 2529 sensui
305 2469 332 2521 ei
354 2455 562 2525 commonibus
582 2454 696 2516 00111110
713 2457 924 2542 propinquum
945 2469 987 2522 est
1008 2462 1056 2536 (111
1076 2462 1150 2529 indo
1173 2483 1240 2530 oon·

177 2566 340 2648 firmetur).
384 2566 418 2627 ln
442 2561 598 2627 codicibus
621 2562 670 2626 ost
692 2556 775 2627 αὐτό
803 2557 917 2647 μόνον
945 2566 1001 2631 ἐπὶ
1030 2568 1093 2652 τῆς
1116 2562 1242 2656 αἰσθή-

178 2696 261 2742 σεως
281 2673 313 2736 ei
335 2659 653 2754 ἐπισημαινόμενοι.
702 2668 817 2733 Mirum
840 2670 889 2734 esd
914 2671 947 2735 in
974 2671 1111 2756 ellipdico
1138 2677 1193 2742 illo
1215 2679 1242 2741 εἰ

178 2774 243 2862 ἄρα
265 2777 393 2841 haesisse
414 2775 546 2840 editores
569 2774 643 2850 (vid.
665 2776 742 2839 VIII
752 2795 782 2858 p.
798 2776 869 2852 351,
895 2794 922 2843 c.
946 2777 976 2856 3,
1000 2780 1050 2854 27,
1075 2780 1124 2844 IX
1134 2800 1165 2863 p,
1174 2782 1241 2855 431,

178 2903 202 2948 0.
225 2884 254 2960 5,
277 2884 306 2956 5,
338 2880 559 2955 1111111790,
582 2898 607 2944 ο.
640 2884 668 2960 1,
695 2882 735 2959 5,
765 2881 983 2965 Wytienbaeh.
1017 2885 1174 2952 animadv.
1206 2885 1242 2953 ad

178 2989 334 3054 Plutarch.
369 3006 450 3052 cons.
487 2986 525 3050 ad
554 2986 657 3068 Apoll.
694 3008 725 3072 p.
754 2988 813 3050 113
834 2988 878 3066 A,
910 3008 940 3071 p.
970 2990 1030 3051 749
1064 2991 1113 3056 ed.
1138 2992 1242 3068 Oxou,

178 3115 250 3161 nam
273 3093 470 3158 Heindorfius
508 3093 548 3158 ad
579 3094 660 3158 Plai.
688 3096 831 3159 Parmen.
859 3115 889 3178 p.
914 3095 1021 3159 15οΒ
1054 3097 1180 3163 tantum
1207 3098 1242 3162 de

180 3206 276 3286 εἴπερ
298 3200 401 3276 onitu
431 3200 463 3263 in
493 3200 602 3264 ceteris
625 3201 805 3266 aberrarunt
825 3221 844 3265 a
863 3201 947 3267 facili
968 3204 1165 3270 correctionis
1187 3205 1241 3270 via

179 3307 288 3374 Strabo
311 3305 433 3371 Stoicus
456 3309 650 3386 θε1(κοιναὶ
676 3313 825 3383 ἔννοιαι).

279 3412 346 3477 lbd.
375 3413 413 3473 13
441 3415 482 3490 (1,
506 3414 576 3489 alp:
610 3407 652 3478 δι’
683 3401 724 3478 οὗ
748 3405 978 3497 φερόμενσςό
1005 3410 1099 3498 ἥλιος
1127 3417 1243 3500 τρέπε·

178 3546 234 3585 ται
266 3521 321 3584 καὶ
355 3510 504 3584 διδάσκει
539 3513 703 3601 διαφοραὶς
736 3510 909 3604 κλιμάτων
941 3545 977 3584 τι
1011 3522 1065 3586 καὶ
1099 3514 1241 3605 οἷνέμιιν.

180 3625 292 3690 Serio:
315 3618 513 3689 α’λλοῖσσει
535 3629 590 3690 aut
612 3619 849 3692 διατοῖσσει.

279 3730 345 3794 Ibd.
383 3730 473 3812 paulo
506 3733 576 3813 posi
611 3730 819 3796 scribendum:
858 3731 965 3796 ταῦτα
996 3727 1061 3818 γαρ
1085 3783 1092 3797 .
1116 3779 1158 3798 ..
1190 3735 1242 3800 καὶ

180 3831 242 3902 ὅσα
265 3832 351 3902 ἄλλα
375 3831 458 3902 κατα
482 3831 548 3920 τήν
570 3829 709 3922 πρώτην
730 3829 871 3923 σῖγαιγήν
891 3831 958 3922 τήν
982 3843 1031 3912 εἰς
1053 3834 1095 3904 «ια’
1118 3836 1244 3927 μαθή-

124 3977 134 3999 ι
178 3968 271 4027 ματα
295 3942 538 4026 παραδίδοται,
564 3937 776 4028 κατανοήσας
798 3967 852 4016 τις
883 3937 1139 4031 οἶμαισγέπισς
1179 3955 1244 4031 (pro

180 4045 288 4122 ἄλλοις
309 4050 393 4132 παις)
417 4041 558 4115 δύναται
583 4052 862 4134 παρακολουθεῖν
874 4075 939 4115 aas.
949 4051 978 4114 λ.
1012 4051 1162 4118 Mendum
1176 4073 1245 4138 per·
