2580 4530
605 300 665 355 Lib.
683 300 706 354 I.
1085 298 1143 361 151

111 494 366 584 Atqui'undique
379 498 532 565 Graeciam
545 499 633 582 lodge
646 499 777 563 maiores
792 499 974 581 altioresque
990 501 1113 565 montes
1131 500 1186 566 oh·

111 605 270 671 tinebant.
303 607 340 671 Id
362 606 402 671 ad
423 624 492 670 rem
513 604 646 686 pertinet
667 623 833 688 verumque
845 602 903 669 ‘est
925 607 956 670 et
977 607 1047 688 apte
1064 605 1185 683 dicitur,

111 731 146 776 ex
169 712 321 777 omuibus
343 712 426 778 circa
447 711 547 795 planis
568 710 698 775 arduum
716 711 1184 794 huncetundiquepraeruptum

110 818 226 883 collem
251 836 389 904 surgere,
412 816 494 900 quod
515 817 559 881 sic
579 816 762 880 Plutarchus
784 817 917 881 dixerat:
948 811 1084 902 ὑψηλόν
1105 815 1184 901 ὅρος

111 930 146 988 ἐκ
178 927 293 1009 με’6ης
319 918 543 1008 α’ναπεφακός
563 921 623 1005 τῆς
648 917 860 994 πεδιάδος.
897 923 992 988 ’Nam
1013 925 1185 991 necessario

110 1030 332 1115 coniungenda
353 1032 426 1095 6661
448 1025 526 1112 ὅρος
547 1020 809 1110 οἷναπεφνκόςι).

221 1136 356 1217 (XLIII)
389 1138 427 1201 Iu
462 1136 597 1200 eiusdem
624 1133 783 1198 Plutarchi
817 1135 883 1199 uita
912 1132 1086 1200 Cleomenis
1115 1136 1182 1199 67

110 1241 301 1308 Cleomenes
315 1243 429 1306 dicitur
442 1240 628 1324 expeditione
640 1233 939 1325 suscepta‘lrlpaico
950 1240 1006 1305 sol
1018 1234 1185 1308 Ἀλσαίαν

109 1344 174 1421 ταὶς
197 1340 553 1430 πόλεις’ταττομένας
574 1341 643 1412 61πό
663 1358 735 1419 τοῖς
756 1339 908 1432 'lipsium
931 1349 1028 1412 ἑλεῖν.
1072 1346 1183 1413 Alsaeae

108 1474 228 1520 nomen
257 1473 359 1538 neque
386 1452 503 1536 legitur
528 1472 658 1537 usquam
685 1454 718 1518 61
749 1452 825 1518 66116
857 1454 1051 1538 peregrinum
1079 1456 1183 1532 sonat3

108 1560 164 1624 sed
188 1561 250 1625 hoc
272 1560 348 1624 ferri
372 1559 474 1632 dehet,
496 1578 555 1624 666
567 1562 670 1642 potest
681 1560 755 1624 ferri
769 1559 915 1625 articulus
931 1578 985 1644 per
1006 1577 1040 1624 se
1061 1560 1184 1643 ineptus

109 1669 141 1731 61
171 1665 384 1750 pravissimus
411 1664 571 1730 verborum
594 1667 671 1748 ‘ordo
694 1661 774 1743 ’(τσλς
801 1662 919 1739 πόλεις
953 1669 1182 1748 ταττομένας).

108 1770 290 1854 Scripserat
305 1771 505 1836 Plutarchus:
528 1764 754 1855 Ἡραίανάαλ
778 1770 902 1845 ἄλλας
923 1765 1044 1853 τινας
1066 1769 1183 1843 πόλεις

108 1873 423 1961 concomitantiam*
447 1890 517 1949 τοῖς
539 1870 690 1965 ’Λχαίσις
713 1876 802 1944 εἷλεν
824 1884 878 1945 661
907 1876 1035 1948 ἄλλας
1064 1877 1184 1959 ἐνίας

108 1976 247 2057 πόλεις.
304 1984 353 2049 Sic
384 1984 469 2049 recte
497 1984 570 2050 noto
597 1985 720 2051 maioris
752 1985 854 2070 oppidi
880 1984 995 2050 nomini
1023 1983 1183 2048 subicitur

106 2092 139 2155 iu
160 2090 280 2156 ceteris
304 2091 428 2173 generis
447 2089 638 2174 significato.
812 2088 816 2099 '
1094 2096 1097 2107 '

219 2194 346 2274 (XLIV)
379 2197 471 2280 Apud
498 2195 628 2261 eundem
656 2196 855 2262 Plutarchum
883 2198 920 2262 de
948 2199 1082 2264 curiosit.
1114 2216 1140 2261 c.
1165 2199 1180 2258 1

107 2310 149 2385 (p.
178 2303 258 2380 515)
281 2300 379 2384 ignoti
400 2304 498 2383 poetae
520 2301 570 2367 hic
591 2322 696 2368 versus
718 2304 855 2385 ponitur:

189 2405 330 2474 ’Ὸσσον
352 2404 442 2490 ὕδωρ
466 2401 536 2472 κατ’
558 2401 778 2495 ’Λλίζσνσςῆ
805 2405 904 2495 δρυός
927 2403 1015 2496 α’μφὶ
1039 2414 1180 2497 πέτηλα,

108 2516 284 2579 τοσοῦτον
296 2515 435 2597 πλῆθος
448 2509 601 2600 εὑρήσεις
614 2509 871 2602 ἁμαρτημάτων
883 2523 919 2580 ἐν
932 2518 977 2602 τῷ
992 2518 1056 2603 βίη
1071 2542 1098 2583 α.
1112 2545 1141 2582 τ.
1154 2522 1179 2584 λ.

221 2619 322 2683 Fluvii
342 2640 453 2685 nomen
471 2622 643 2686 inauditum
667 2642 742 2696 6666,
765 2624 842 2687 ferre
865 2623 1025 2699 debemus;
1041 2625 1079 2688 ‘id
1101 2625 1181 2690 ferre

108 2746 170 2791 nou
199 2725 363 2800 debemus,
385 2726 474 2790 1666
494 2730 560 2792 166
588 2729 751 2792 obscurum
775 2730 846 2810 poni
869 2732 1016 2811 tanquam
1043 2732 1180 2796 omnium

109 2832 307 2896 ditissimum
326 2852 412 2913 aquae
441 2826 511 2908 (etsi
526 2835 596 2897 'haec
623 2835 690 2916 ipsa
716 2835 783 2900 laus
811 2835 904 2917 copiae
933 2853 1080 2918 aquarum
1101 2837 1180 2901 mira

109 2940 196 3012 661);
225 2955 265 3000 66
287 2936 319 2999 id
340 2937 463 3019 quidem
484 2938 642 3003 tolerabile
665 2931 712 3005 661
740 2937 811 3005 κατ’
839 2935 1014 3021 Ἀλλζανας
1043 2942 1101 3006 dlei
1122 2948 1176 3023 pro

111 3036 317 3119 ἐν’Λλίζονι
340 3045 394 3107 aut
408 3037 478 3108 κατ’
492 3038 661 3124 Ἀλίζσνα,
684 3066 740 3110 666
758 3048 915 3113 Graeoum:
940 3047 1026 3127 (ὅσα)
1049 3051 1177 3130 πέτηλα

111 3144 167 3233 ιὶμ
181 3151 224 3231 φὶ
251 3143 358 3231 δρυός.
402 3148 556 3213 Nimirum
583 3153 746 3217 conflatum
773 3148 1046 3220 1166161666666
1076 3153 1177 3216 totum

111 3257 161 3320 661
184 3273 222 3318 eu
245 3254 361 3318 duabus
383 3246 660 3339 6661166666666
682 3278 787 3323 versus
809 3260 907 3324 forma
926 3258 990 3323 haec
1011 3259 1083 3321 fuit:

104 3358 265 3432 ’Ὀσσος
278 3356 366 3442 ὕδωρ
384 3353 464 3422 καθ’
486 3355 508 3424 οἷ
518 3359 561 3425 aa*
570 3387 587 3434 ς
610 3358 756 3437 στόνος
777 3359 799 3450 ἢ
823 3361 922 3452 δρυός
937 3359 1024 3446 α’μηὶ
1039 3365 1179 3446 πέτηλα,·

113 3468 282 3551 quantus
306 3467 364 3530 661
385 3464 516 3548 fragor
537 3487 603 3548 per
625 3488 738 3552 aquas
760 3474 879 3537 marte
903 3471 942 3535 61
963 3471 1062 3533 circa
1083 3469 1180 3535 folia

114 3590 291 3655 quercus.
794 3594 797 3601 ·

216 3677 327 3754 (XLV)
356 3678 394 3741 In
424 3677 548 3741 Luciani
579 3682 699 3765 hangio
727 3702 751 3747 6.
776 3684 816 3743 10
836 3679 1020 3763 Adimantus
1049 3679 1177 3745 ridicule

114 3785 205 3869 finglt
227 3803 271 3861 66,
293 3783 437 3853 thesauro
457 3783 588 3860 invento,
612 3787 715 3852 omnia
735 3788 799 3851 iam
820 3785 1046 3850 ultramodum
1063 3805 1175 3870 magna

115 3895 146 3956 61
173 3888 338 3973 splendida
368 3889 531 3953 coemisse:
576 3887 699 3965 Edode
726 3885 789 3956 οὖν
813 3887 897 3954 need
926 3885 986 3954 τόν
1007 3885 1175 3959 Ἡσίοδον

119 4024 314 4034 n—————-·

143 4109 166 4179 ¹)
185 4111 257 4165 Anu.
277 4111 375 4179 philol.
396 4112 490 4168 Danic.
512 4114 536 4168 V
553 4131 578 4184 p.
599 4118 757 4172 1661158.
