2580 4530
193 263 252 327 152
630 263 691 320 Lib.
707 265 731 319 1.

154 462 245 536 οἶκος
266 458 305 528 τό
335 466 489 548 πρῶτον,
518 458 562 549 or‘c
583 456 888 548 duidnroqpec'auvn
911 466 1060 549 οἰκοίην,
1090 468 1143 531 καὶ
1167 460 1209 532 au*

151 571 229 655 περὶ
252 565 290 633 τό
314 566 399 637 dcco
421 565 534 636 πάντα
558 562 744 655 οιίιηοοῖμηο
771 567 837 656 ἤδη
865 567 956 655 πλήν
987 556 1048 637 ὅσοι
1071 566 1212 658 Ἰσθμοῖ

154 676 208 741 καὶ
226 674 360 751 Πυθοῖ,
384 664 438 742 οιαὶ
462 684 499 744 ἐν
520 672 688 749 Ἐλευσῖνι
711 674 773 740 ὅοιι
797 679 852 743 ἐπὶ
876 677 1032 764 θαλάττῃ
1056 680 1110 743 καὶ
1133 682 1210 764 περὶ

152 777 215 847 τόν
236 775 385 866 Ἰσθμόν
413 777 509 870 ὀλίγοι
536 786 603 850 τῶν
632 775 772 867 οἷγώνωιι
800 792 914 858 ἕνεκα,
944 788 1079 850 εἴποτε
1103 780 1144 870 δή
1170 782 1211 850 τοὶ

144 884 294 971 Ἴσθμια
316 881 579 974 ἐπιδημήσαιμι,
608 892 662 954 uoci
684 884 723 954 vd
748 884 934 962 Σικυώνιοι
956 892 1077 959 πεδίον
1099 917 1170 957 uu.
1183 895 1212 960 λ.

153 992 233 1057 Mira
266 1013 302 1058 er
333 995 447 1060 Atticis
487 996 729 1078 possessionibus
768 997 958 1078 excipiuntur
991 998 1147 1063 Isthmicac
1183 1001 1214 1063 ct

155 1100 303 1184 Pythicae,
327 1121 394 1184 qnae
405 1101 518 1167 Atticae
541 1120 600 1166 non
623 1102 703 1175 sunt,
724 1113 782 1166 nec
802 1104 905 1168 minus
926 1105 1003 1169 mire
1018 1103 1068 1169 hic
1082 1103 1215 1168 Isthmia

158 1210 189 1273 et
208 1204 356 1289 Delphica
378 1207 449 1270 ante
460 1206 625 1284 Eleusinia,
647 1225 713 1290 quae
734 1206 769 1270 in·
776 1208 883 1273 Attica
904 1210 985 1286 sunt,
1008 1208 1215 1287 nominantur,

157 1313 224 1377 tum
246 1311 651 1378 iterumlsthmia.(lodices
675 1313 861 1391 (Marcianus
885 1316 916 1379 et
937 1315 1005 1398 alii)
1025 1333 1078 1397 pro
1093 1316 1216 1380 Ποθοῑ

156 1418 271 1483 habent
293 1419 405 1491 λίθοι,
431 1417 618 1494 rectissime;
649 1437 721 1482 nam
743 1419 848 1483 omnia
869 1419 951 1507 circa
971 1421 1080 1485 urbem
1102 1423 1216 1487 coemit

155 1524 245 1589 homo
279 1524 380 1590 subito
413 1524 541 1589 fortunae
572 1524 637 1589 rivo
669 1524 826 1610 inauratus
857 1527 992 1608 exceptis
1024 1526 1153 1592 desertis
1185 1530 1217 1593 et

152 1630 351 1696 infructuosis
375 1630 505 1713 (tesquis
523 1631 555 1694 et
573 1630 678 1708 saris),
701 1649 768 1713 quae
788 1631 956 1695 contemnit
978 1634 1010 1697 et
1030 1633 1100 1698 aliis
1122 1632 1217 1698 relin-

157 1736 232 1819 quit.
261 1737 387 1820 'Itaque
408 1737 440 1800 in
463 1730 603 1820 Ἰσθμοῖ
623 1736 709 1814 latet,
732 1734 814 1821 quod
834 1736 915 1821 saxis
935 1738 1110 1819 respondet,
1133 1733 1216 1826 οὐχ·

154 1843 225 1929 μοι’,
247 1845 282 1907 ut
304 1840 358 1908 sit:
382 1841 475 1928 πλήν
497 1838 560 1908 ὅσοι
583 1833 732 1926 αὐχμοὶ
755 1843 810 1906 καὶ
833 1842 938 1908 λίθοι.

256 1949 379 2026 (XLVI)
411 1950 448 2014 In
471 1949 589 2014 Latinis
610 1948 694 2012 idem
722 1948 884 2026 accidisse,
919 1948 1052 2030 primum
1074 1950 1218 2016 ostendat

112 2118 114 2123 .
156 2057 284 2139 Turpilii
306 2043 489 2137 exemplum,
511 2055 596 2120 cuius
617 2054 828 2137 ePhilopatro
842 2055 990 2120 comoedia
1003 2054 1069 2120 haec
1084 2056 1219 2122 citantur

158 2164 239 2246 apud
259 2162 394 2244 Nonium
416 2182 445 2243 p.
470 2162 546 2226 281:
799 2233 801 2237 Α
915 2164 936 2236 ᾗ
1175 2147 1187 2167 f

214 2268 216 2273 '
338 2281 342 2288 ·
668 2254 759 2331 Forte
784 2286 818 2332 eo
842 2267 891 2332 die

240 2372 420 2437 Meretrices
446 2372 485 2435 ad
506 2390 556 2435 me
579 2357 616 2435 de
636 2371 764 2435 lenitate
785 2371 897 2437 Atticae
919 2375 954 2438 ut

241 2477 451 2542 Convenerunt
472 2477 725 2568 condixerantque
753 2495 868 2542 caenam
890 2479 970 2560 apud
991 2498 1041 2543 me

243 2583 336 2648 Thais
359 2583 449 2665 atque
470 2583 620 2659 Erotium,
641 2581 811 2663 Antiphila,
833 2583 970 2668 Pythias.

260 2689 431 2770 Scripserat
462 2689 568 2771 poeta:
607 2687 794 2753 lleretrices
821 2688 863 2761 ad
892 2707 941 2754 me
972 2689 1016 2754 de
1052 2688 1219 2755 vicinitate

158 2795 273 2886 aliqua
299 2794 522 2860 Convenerunt
549 2795 606 2860 cet.
649 2795 695 2867 Ex
720 2813 781 2877 qua
806 2796 881 2860 urbe
909 2797 1011 2880 essent
1032 2794 1218 2872 meretrices,

161 2921 227 2985 quae
249 2901 462 2964 convenissent
483 2899 523 2964 ad
552 2919 637 2979 eam,
665 2921 731 2985 quae
753 2902 940 2984 loqueretur,
966 2919 1039 2964 sanc
1060 2919 1121 2965 non
1143 2919 1219 2982 opus

160 3009 226 3072 erat
247 3007 321 3084 dici,
349 3006 493 3088 quoniam
515 3008 683 3073 necessario
706 3026 742 3072 ex
763 3008 870 3076 eadem
893 3011 989 3084 erant,
1016 3007 1047 3069 in
1071 3026 1131 3090 qua
1152 3007 1221 3089 ipsa

162 3116 245 3181 esset
266 3113 297 3177 et
318 3112 457 3195 loqueret
495 3161 502 3177 .
545 3152 547 3158 -

262 3217 402 3299 (XLVII)
440 3216 558 3282 Seneca
591 3219 667 3284 rhet.
705 3240 735 3305 p.
763 3221 823 3284 319
854 3220 941 3296 (291)
975 3218 1007 3295 in
1042 3216 1221 3300 praefatione

160 3327 231 3392 libri
256 3325 286 3390 X
315 3325 401 3404 (olim
423 3323 462 3401 V)
497 3326 771 3391 controversiarum
804 3344 870 3409 quac
898 3325 935 3389 de
965 3325 1070 3389 Scauri
1100 3325 1222 3407 ingenio

161 3432 278 3497 desidia
300 3431 438 3514 corrupto
457 3429 541 3508 dicit,
563 3431 611 3496 his
626 3432 725 3496 verbis
742 3431 911 3496 concludit:
933 3430 1222 3495 Declamantem

162 3540 377 3605 audivimus
401 3538 437 3602 et
461 3537 676 3601 novissime
698 3537 848 3619 quidem
866 3537 909 3599 M.
927 3535 1066 3618 Lepido
1086 3535 1143 3599 ita
1164 3535 1221 3611 ut,

164 3645 260 3727 quod
283 3643 569 3709 difficillimum
592 3645 690 3720 erat,
721 3643 797 3707 sibi
826 3641 1071 3723 displiceret.
1114 3640 1222 3724 Neque

163 3751 203 3814 ad
224 3770 290 3816 rem
311 3731 455 3833 pertinet,
477 3749 530 3814 ubi
551 3748 682 3813 Scaurus
697 3749 851 3830 postremo
873 3745 1102 3827 declamaverit,
1125 3765 1223 3829 neque

163 3855 253 3939 homo
278 3857 448 3921 senatorius
469 3855 502 3921 in
524 3855 626 3920 aliena
639 3855 670 3917 et
681 3852 803 3934 privata
824 3853 914 3917 domo
928 3837 1224 3933 declamavitneque

167 3961 269 4025 dativo
291 3961 372 4026 ullus
398 3963 430 4026 in
458 3982 494 4027 ea
523 3981 555 4025 re
585 3958 784 4044 significanda
811 3958 893 4021 locus
922 3958 971 4020 est
998 3961 1062 4039 (pro
1084 3977 1119 4022 eo
1142 3958 1223 4039 quod

168 4068 229 4133 est:
253 4067 350 4151 apud
371 4067 414 4134 M.
436 4069 641 4152 Lepidum).
679 4049 795 4129 Seneca
816 4064 993 4146 scripserat:
1016 4063 1224 4129 novissime
