2580 4530
423 290 425 301 ,
531 229 591 286 uro.
610 229 659 287 rr.
1021 198 1081 298 547

163 422 230 489 lbd.
252 423 312 487 278
338 423 382 506 (3,
405 426 455 502 2):>
480 421 540 493 οὐκ
563 421 719 513 ἠρέσκετο
749 422 779 494 ά
805 422 922 503 οἷπλώς
955 443 1026 503 τοῖς
1048 433 1129 515 περὶ.

60 533 125 615 τῆς
145 528 276 616 βουλῆς
298 523 535 614 ὀνομασθεῖσα
569 533 666 601 Scrib.
687 535 818 612 videtur,
839 536 931 601 verbo
954 553 973 598 a
993 532 1126 599 Diodoro

60 637 124 703 Sia.
140 635 278 720 sumpto:
301 650 372 710 τοῖς
394 640 471 722 περὶ
494 638 555 724 τῆς
576 642 763 725 ἐπιβουλῆς
785 641 1125 727 άοχματισθεῑσι.

59 742 143 808 Nam
181 742 336 826 νομίζειν
376 745 511 809 alienum
552 748 610 811 cst.
666 747 775 824 (Paulo
808 749 880 813 anto
918 750 1078 831 receptum
1110 767 1126 812 ο

60 847 182 914 duobus
212 848 299 914 codd.
327 851 546 917 recentioribus
573 853 723 935 oportuit:
741 850 829 920 ’ὅσοι
857 854 892 922 δὲ
915 903 923 920 .
947 901 954 917 .
978 855 1127 928 ,παῖδες

61 958 219 1051 ἐγένοντο
241 974 296 1038 pro
319 950 437 1037 ὅσοις.)
1149 1013 1152 1017 .

162 1060 229 1126 Ibd.
254 1063 461 1145 paulopost:
492 1058 510 1128 ὁ
538 1057 641 1149 κη’ρυξ
668 1064 753 1141 εἶπε,
775 1060 826 1151 μή
853 1059 897 1132 ἄν
929 1072 1126 1149 περιθεῖναι

61 1168 172 1253 κυνῆν
195 1165 392 1235 Φάλανθον.
437 1169 547 1235 Ooraes
577 1171 609 1235 et
630 1170 817 1250 Meinelrius‚
846 1171 1012 1254 epitomem
1034 1171 1128 1237 Pala-

60 1275 162 1340 tinam
184 1276 298 1352 secuti,
321 1271 372 1361 pe)
397 1280 609 1361 περιθέσθαι
624 1277 820 1362 scripserunt,
843 1277 957 1344 omisso
978 1273 1031 1342 άν.
1067 1276 1128 1342 Sed

60 1401 122 1447 non
144 1382 212 1465 ipse
235 1382 405 1447 Phalantus
433 1402 487 1465 per
513 1402 685 1465 praeconem
711 1381 862 1449 vetandus
889 1382 1010 1448 videtur
1034 1383 1128 1448 mese
1262 1399 1266 1410 ·

60 1490 186 1574 siguum
221 1488 303 1553 dare.
356 1488 556 1561 scribendum
584 1490 704 1574 opinor:
736 1482 787 1574 μή
815 1489 889 1559 ἐάν
918 1492 1128 1574 περιθέσθαι

60 1584 172 1679 κυνῆν
195 1588 393 1661 Φάλανθον.
437 1594 519 1659 Nam
540 1597 576 1660 ut
605 1597 704 1662 activo
732 1603 930 1681 περιθεῖναι
965 1596 1048 1662 loeus
1077 1597 1128 1673 sit,

58 1703 111 1768 vir
132 1702 216 1768 offici
236 1699 354 1784 poterit.
1071 1700 1073 1707 ’

162 1808 228 1873 Ibd.
257 1805 317 1870 279
340 1805 381 1883 (3,
404 1805 452 1882 3):
489 1808 681 1891 ἐπολέμουν
706 1819 725 1871 '.
762 1852 769 1870 .
807 1855 815 1871 .
852 1800 1041 1892 ὀμόσαντες
1075 1801 1127 1892 μή

61 1904 232 1999 πρότερον
259 1905 439 1996 ἐπανήξειν
466 1914 580 1980 οἴκαδε
609 1913 692 1998 πρίν
726 1908 749 1999 ἢ
780 1909 967 2000 Μεσσήνην
993 1907 1129 1980 άνελεὶν

61 2015 86 2106 ἢ
110 2013 247 2113 πάντας
269 2009 475 2085 α’ποθανεῐν.
529 2020 706 2086 Graecorum
728 2010 1127 2103 expostularemus.

163 2125 223 2203 (De
242 2145 273 2208 p.
297 2125 368 2201 280,
391 2144 416 2190 c.
439 2126 469 2204 3,
492 2125 512 2188 3
533 2125 653 2191 dictum
673 2145 706 2208 p.
728 2125 825 2206 37.)¹)

149 2230 230 2315 ἱ,11)(1.
270 2231 332 2294 280
370 2232 417 2310 (3,
458 2233 490 2311 4)
519 2232 557 2297 de
579 2231 778 2297 Tarentinis:
812 2226 936 2312 πεζοάς
971 2233 1129 2298 ἔστελλον

60 2337 303 2422 τρισμυρίους,
347 2343 472 2412 ἱππίας
516 2339 551 2405 δὲ
595 2338 814 2425 τρισχιλίους,
857 2332 1049 2426 ἱππάρχους
1094 2339 1127 2405 ee

61 2444 201 2531 χιλίους.
258 2443 336 2507 Mire
367 2463 513 2511 numerus
548 2444 701 2510 iudicatur
734 2443 969 2526 hipparchorum
1006 2447 1038 2510 ct
1071 2465 1129 2510 uu-

61 2570 167 2617 merus
203 2551 268 2633 ipse
295 2550 387 2647 xultra
425 2551 552 2616 modum
584 2550 780 2616 incredibilis.
827 2549 1041 2617 Scribonium:
1075 2551 1129 2618 ιλι-

62 2651 202 2742 μάχας
231 2656 264 2720 δὲ
287 2658 423 2742 χιλίους.
462 2657 544 2721 Nam
568 2656 612 2722 sic
633 2657 804 2740 Hesychius
834 2657 929 2722 etiam
960 2658 1129 2742 appellatos

63 2763 163 2840 (licit,
194 2762 246 2844 qui
268 2781 287 2826 a
307 2763 432 2828 Polluce
459 2764 501 2842 (Ι,
536 2765 607 2842 131)
630 2757 784 2844 ἅμιπποι
811 2762 1022 2845 appellantur,
1052 2766 1128 2831 adeo

63 2868 301 2934 Tarentinomm
332 2869 455 2953 proprii,
483 2872 519 2935 ut
539 2867 609 2933 inde
637 2871 737 2934 totum
763 2887 858 2953 genus
892 2868 1129 2936 Tarentinorum

63 2976 206 3059 equitum
226 2994 339 3040 nomeu
360 2974 497 3040 traxerit.
533 2973 722 3056 Scriptorum
733 2974 816 3039 locos
838 2973 960 3057 collegit
971 2975 1129 3042 Weissen-

63 3079 192 3146 tornius
213 3080 253 3145 ad
274 3079 340 3146 Liv.
365 3080 492 3157 XXXV,
515 3078 565 3143 28.
610 3078 758 3145 Granium
793 3078 984 3144 Licinianum
1016 3083 1130 3163 (quarti

63 3188 135 3270 post
156 3185 227 3250 Chr.
250 3186 344 3251 seculi
365 3186 446 3252 Livii
469 3187 681 3266 excerptorum
701 3184 915 3276 confectorem)
933 3184 1002 3251 libr.
1024 3185 1130 3254 XXVI

64 3291 180 3357 addere
202 3292 253 3356 vir
273 3311 370 3376 operae
387 3293 520 3374 pretium
544 3291 603 3355 est.

166 3396 233 3462 Ibd.
267 3398 328 3461 283
350 3399 392 3476 (3,
425 3400 474 3476 8);
506 3397 620 3482 χιλίων
642 3388 707 3483 γάρ
741 3399 809 3461 ἐστι
840 3394 895 3460 καὶ
923 3377 1130 3461 ὀκτακοσίων

66 3504 215 3570 σταδίων
247 3499 287 3584 (ὁ
328 3508 364 3568 ἐκ
403 3503 612 3586 Βρεντεσίου
655 3505 704 3575 εἰς
740 3492 958 3586 Ἐπίδαμνον
996 3503 1128 3578 πλοῦς).

68 3611 178 3676 Omnis
201 3609 365 3674 difficultas
388 3610 419 3673 et
440 3608 575 3691 pravitas
605 3608 726 3674 sublate
747 3607 821 3685 crit,
853 3607 881 3672 si
903 3607 1129 3690 scripserimus:

94 3836 117 3930 λ)
137 3860 225 3915 Paulo
250 3863 320 3924 autc,
350 3859 421 3928 quod
445 3859 589 3915 Kramorus
618 3861 693 3914 cavet
721 3874 754 3912 no
779 3858 840 3927 quis
870 3857 969 3912 scribat
995 3857 1070 3922 τινὸς
1087 3856 1130 3924 ἐξ·

139 3955 323 4023 anatramp,
342 3955 369 4006 et
387 3953 556 4021 scripseram,
581 3967 642 4006 cum
668 3951 724 4006 eolo
742 3950 871 4006 Meiuelrii
896 3952 1016 4022 exemplo
1033 3954 1130 4014 uterer,

137 4048 166 4102 ct
183 4044 363 4103 certissimum
382 4060 438 4099 esse
456 4045 524 4099 dico.

880 4135 930 4185 ³5*
